2742 4617
444 246 655 314 analeum
684 248 787 314 alas
820 253 860 314 ιι.
1080 229 1180 342 '247

101 395 215 465 στόλου
239 391 338 482 ῥητόν
362 394 400 460 τό
432 404 522 483 λέγον
542 399 609 483 ’,μό
631 399 693 486 yda
716 400 837 486 α’όρατα
858 401 959 470 adrat
977 403 1040 470 ιῖπό
1061 411 1187 484 κτίσεως

103 495 224 579 κόσμου
244 504 309 571 τοῖς
328 494 483 580 ποιήμασι
502 500 658 582 νοοόμενα
683 503 859 586 καθορᾶται
872 505 901 545 ·”
942 500 997 568 τόν
1016 503 1078 587 γάρ
1099 531 1187 591 ποιη-

100 594 160 680 τὴν
177 593 257 660 θεόν
275 597 311 660 ἐκ
329 599 392 660 τῶν
411 600 595 681 ποιημάτων
619 595 636 662 o‘
658 596 823 675 θειότατος
843 605 1012 684 κατέλαβεν
1025 605 1185 688 Ἀβραάμ.

101 694 183 760 κατὰ
214 697 309 759 τοῦτο
335 694 392 759 κατ’
423 696 441 760 ό
466 698 677 781 Πλούταρχος
708 697 812 782 ἔλεγεν
837 698 972 783 ,ἔλαβον
1003 705 1038 768 di
1067 701 1188 770 ἔννοιαν

73 799 199 868 ὅθεοιῖ·
223 788 275 858 des'
292 818 326 860 τε
345 794 407 879 γόρ
428 790 516 879 ἥλιος
536 800 592 863 κατ’
608 796 720 883 σελήνη
736 798 791 862 κατ’
808 798 847 864 τό
865 798 959 864 λοιπό
980 803 1044 867 τιόν
1065 796 1189 886 ἄστρων

100 892 161 976 τὴν
180 890 327 977 όπόγειον
351 898 523 976 ἐνεχθέντα
548 891 645 979 ὅμοια
675 901 738 982 μὲν
757 899 919 964 ἀνατέλλει
938 910 1002 977 τοῖς
1020 899 1188 984 χρώμασιν

101 989 159 1058 ἴσα
182 995 218 1093 di
238 1001 303 1068 τοῖς
320 998 486 1076 μεγέθεσι,
506 995 563 1060 καὶ
582 993 662 1062 κατὰ
689 997 805 1074 τόπους
825 998 900 1073 τοὺς
921 997 1066 1076 ου’τοός.”

184 1094 300 1173 Μέγας
318 1083 417 1169 όντως
435 1091 452 1157 ό
471 1089 630 1180 Ἀβραάμ.
671 1099 728 1160 τοῦ
746 1093 806 1181 γὰρ
822 1099 903 1162 θεοῦ
922 1094 1059 1174 οἰκούσας
1081 1101 1217 1183 λόγονεο

99 1211 155 1264 τος
173 1186 305 1270 ,ἔξελθε
333 1193 369 1256 ἐκ
388 1192 447 1276 τῆς
465 1195 521 1278 γῆς
540 1219 598 1259 σου
628 1195 684 1259 κατ’
704 1197 740 1260 ἐκ
760 1199 818 1280 τῆς
836 1198 893 1280 γῆς
908 1196 1088 1281 συγγενείας
1106 1221 1165 1264 σου
1177 1209 1225 1279 ,V.
1242 1225 1288 1261 ma

55 1288 159 1356 ιονοὶ
185 1290 281 1375 decipe
298 1291 345 1366 εἷς
373 1293 432 1375 γῆν
450 1289 490 1375 ἢν
508 1288 550 1357 όν
569 1295 665 1373 δείξω
686 1299 758 1360 σοι”
778 1297 900 1372 aceto:
919 1295 1105 1379 ἠκολούθει,
1125 1301 1187 1362 τόν
1259 1319 1262 1326 “

99 1391 243 1478 ἐνμέσῳ
272 1391 436 1475 δυσχερῶν
462 1395 686 1478 καταφρονῶν,
716 1394 773 1457 καὶ
799 1396 882 1478 μηδὲ
911 1393 1004 1471 εἰθοός
1032 1390 1110 1460 όπον
1132 1419 1186 1460 no·

99 1484 239 1570 ρεόεται.
260 1489 353 1572 ἡμεῖς
374 1491 410 1554 dd
435 1493 600 1568 καλοῦντος
620 1497 694 1556 καθ’
714 1487 850 1577 ἓκόστην
870 1485 1034 1570 duodenae
1054 1497 1112 1559 τοῦ
1130 1519 1186 1559 sso-

99 1592 174 1672 ριὀυ
196 1578 270 1651 οὔτε
285 1589 349 1662 τοῖν
366 1591 481 1671 γηΐνων
507 1590 656 1673 ἐκστῆναι
674 1593 828 1674 θέλομεν,
860 1585 932 1657 οὔτε
952 1590 1034 1678 πρός
1051 1591 1110 1678 τήν
1129 1595 1187 1677 γῆν

98 1687 221 1771 ἐκείνην
251 1684 310 1768 την
333 1689 562 1772 ἐπηγγελμένην
580 1687 743 1774 ἔρχεσθαι.
795 1689 877 1756 otta
905 1695 962 1757 κατ’
994 1693 1052 1776 τὴν
1080 1697 1186 1758 ταπεί-

50 1798 196 1861 ι5νωσιν
220 1784 403 1866 ’θαυμάζων
434 1785 450 1852 d
479 1789 714 1874 χροσορρήμων
741 1790 881 1875 Ἰωάννης
910 1791 965 1856 κατ’
991 1787 1069 1856 τάδε
1090 1792 1187 1877 φησίν

97 1882 247 1969 ,ἀληθὴς
266 1888 468 1967 ταπείνωσις,
501 1883 555 1952 ὅτε
576 1912 624 1963 τις
644 1882 738 1978 ἑτέρην
759 1899 952 1976 παραχωρεῖ
967 1893 1032 1955 τῶν
1049 1887 1185 1974 πρωτεό·

97 2008 161 2066 ων,
190 1974 276 2049 καθό
308 1984 347 2069 (λη
373 1988 431 2053 κατ’
454 1980 607 2071 Ἀβρααμ
632 1998 735 2068 ποιεῖ,
765 1989 817 2052 ἵνα
839 1988 938 2072 δὲμὴ
965 1987 1185 2073 διαόικόζηται

97 2082 180 2164 μετὰ
209 2087 267 2147 τοῦ
287 2081 367 2148 Aede
385 2087 442 2150 κατ’
459 2090 522 2150 τοόν
548 2090 706 2168 ποιμένων
731 2087 850 2151 αότοό·
900 2090 951 2174 ἐφ’
969 2077 997 2176 ᾧ
1016 2090 1071 2151 κατ’
1089 2087 1105 2150 ό
1126 2089 1186 2168 μὲν

98 2178 180 2246 Λοότ
208 2179 267 2266 τὴν
296 2186 456 2267 κρείττονα
485 2187 544 2269 γῆν
571 2183 684 2268 ἔλαβε,
714 2185 754 2249 τό
781 2183 909 2267 Σόδομα
940 2185 1075 2270 όηλαιλη,
1109 2181 1215 2257 ddin

49 2278 244 2364 οσἈβραόμ
275 2282 435 2371 κατῴκησε
461 2280 549 2369 παρὰ
576 2279 633 2368 την
662 2287 741 2369 δρῦν
767 2285 826 2368 τὴν
848 2289 1023 2369 Μαμβρῆν.
1066 2279 1127 2366 όρα
1147 2287 1183 2350 di

98 2381 154 2446 κατ’
171 2378 231 2456 τός
255 2383 349 2458 θείας
368 2383 512 2466 ἀμοιβάς.
563 2378 631 2448 εἶπε
649 2382 710 2470 γόρ
735 2381 814 2472 πρός
837 2382 980 2471 Ἀβραὰμ
1002 2381 1018 2447 ό
1040 2385 1115 2460 θεὸς
1136 2378 1182 2448 ότι

98 2690 166 2740 dore
182 2688 301 2742 adfectos
324 2691 437 2742 vicisse:
462 2708 523 2742 nam
549 2699 726 2762 posteaquam
746 2690 779 2742 ad
799 2692 966 2760 agnitionem
986 2693 1031 2743 dei
1048 2709 1180 2761 perrene-

96 2770 155 2824 rat,
171 2777 228 2812 non
247 2762 300 2812 isan
319 2763 397 2812 astris
424 2761 540 2828 amplius
565 2763 687 2814 intentae
717 2769 781 2814 erat.
807 2763 931 2812 nimirum
958 2762 1079 2818 habebat
1098 2765 1128 2814 in
1146 2780 1179 2814 eo

96 2832 186 2882 locum
205 2829 275 2882 illud
292 2831 410 2900 apostoli
425 2831 537 2882 verbam
552 2833 639 2902 (liora.
665 2850 673 2883 ι
695 2835 740 2900 no)
760 2848 850 2900 „quae
863 2832 907 2882 dei
929 2841 992 2884 suut
1009 2832 1180 2901 inadapecta-

95 2902 179 2964 bilin,
197 2918 229 2952 eu
249 2918 283 2953 ex
300 2901 395 2953 mundi
412 2903 562 2964 creatione,
579 2902 642 2953 dum
669 2901 872 2954 considerautur
888 2919 937 2970 per
956 2918 1056 2970 opera,
1075 2905 1179 2971 perspi-

96 2974 229 3023 ciuntur.''
247 2988 281 3024 ex
308 2973 374 3041 ipsis
399 2972 526 3041 operibus
551 2971 631 3022 deum
650 2980 786 3024 auctorem
804 2974 845 3024 vir
864 2972 909 3023 hic
926 2971 1034 3023 divinus
1048 2972 1180 3040 percepit.

95 3044 125 3094 in
144 3043 260 3094 eandem
278 3043 440 3094 sententiam
458 3050 486 3093 et
512 3042 669 3094 Plutarchus
687 3043 779 3112 inquit
801 3043 866 3106 „dei
885 3044 1024 3094 notionem
1042 3041 1178 3110 quandam

95 3130 153 3164 sum
173 3121 343 3165 consecutus.
371 3130 434 3163 nam
450 3129 556 3180 eemper
573 3114 615 3164 sol
633 3121 661 3164 et
678 3113 743 3164 luna
763 3113 924 3184 reliquaque
942 3113 1032 3164 sidera
1050 3111 1100 3163 sub
1122 3121 1178 3164 ter-

95 3199 151 3234 ma
178 3182 269 3234 delata
283 3183 470 3234 coneimilibus
495 3184 614 3234 vicissim
641 3183 779 3234 coloribus
803 3183 925 3252 praedita
948 3185 1120 3246 exoriuntur,
1149 3190 1179 3234 et

94 3253 294 3323 magnitudines
315 3254 422 3305 eoadem
442 3252 590 3376 eadempae
609 3254 669 3304 loca
685 3255 828 3307 retinent.¹’

163 3325 276 3393 Magnas
297 3339 391 3393 reapee
408 3325 450 3375 vir
469 3324 524 3375 luit
561 3323 711 3375 brslaamus.
730 3341 789 3376 cum
809 3325 882 3376 enim
900 3323 981 3376 deam
999 3323 1079 3394 (Gen.
1102 3337 1130 3372 ιο
1154 3314 1185 3392 ι)’

95 3395 231 3447 dicentem
249 3393 398 3447 audivisset
416 3396 563 3463 „emigrato
582 3411 616 3446 ex
633 3403 681 3446 tua
694 3403 764 3445 terra
784 3405 886 3464 tneque
907 3395 1076 3463 cognatione,
1094 3409 1124 3443 ac
1144 3393 1179 3442 il-

94 3467 146 3516 lam
160 3467 189 3518 in
207 3475 306 3517 terrem
325 3466 502 3534 proficiscitur
518 3481 598 3534 qaam
616 3463 668 3516 tibi
691 3475 873 3517 monstravero
884 3467 907 3528 ,⁸¹
928 3481 991 3516 mox
1007 3463 1178 3531 obtempera-

93 3537 154 3598 bat,
174 3535 379 3588 difficultatibus
406 3536 530 3588 omnibus
557 3550 628 3605 quae
651 3535 807 3586 interlicere
832 3553 861 3587 se
884 3542 1013 3604 poterant
1029 3534 1178 3600 neglectis,

92 3625 154 3658 cum
170 3624 207 3658 ne
224 3608 306 3659 sciret
322 3606 432 3676 quidem
449 3622 567 3675 quonam
585 3605 740 3656 abeundum
759 3605 836 3657 foret.
850 3623 900 3676 uus
918 3613 1007 3657 autem
1021 3603 1100 3655 deum
1119 3613 1178 3654 cot-

91 3677 161 3729 tidie
178 3685 317 3729 vocantem
341 3676 483 3728 audientes
502 3693 554 3728 nec
578 3688 685 3728 terrena
703 3675 827 3726 deserere
844 3676 984 3735 volumus,
1002 3691 1053 3726 nec
1070 3673 1103 3724 ad
1122 3682 1178 3725 ter-

91 3766 147 3798 ram
165 3749 240 3800 illem
258 3748 416 3817 promissam
433 3749 606 3799 contendere.
627 3748 778 3816 quinetiam
796 3747 881 3814 ipsius
900 3745 1081 3796 humilitatem
1094 3743 1177 3811 Chry-

90 3828 225 3871 eostomus
242 3817 377 3870 admirans
394 3818 438 3869 hie
454 3817 545 3870 serbis
565 3820 669 3870 utitur:
699 3833 761 3867 vera
782 3817 865 3868 istaec
885 3825 926 3868 est
943 3816 1096 3878 humilitas,
1117 3833 1176 3866 cum

90 3889 151 3958 quie
169 3890 250 3941 alteri
266 3899 358 3957 partee
378 3890 482 3958 priores
501 3889 587 3948 cedit,
605 3887 830 3957 quemadmodum
852 3887 917 3938 lecit
937 3886 1121 3946 Abrahamus,
1141 3903 1176 3936 ne

89 3977 150 4012 cuna
167 3961 238 4012 Loto
257 3961 370 4030 eiusque
388 3960 540 4029 pastoribus
556 3959 683 4027 litigaret
712 3973 766 4026 quo
785 3959 884 4009 sactrrm
903 3965 934 4008 ut
951 3957 1032 4009 lotus
1051 3957 1176 4007 fertiliori

88 4039 159 4082 terre
190 4029 369 4082 Sodomorum
394 4031 541 4099 potiretur,
571 4047 631 4079 cam
651 4027 815 4080 Abrahamus
836 4027 869 4078 ud
889 4045 1016 4096 quercum
1037 4028 1175 4079 Mambrae

88 4101 221 4172 migraret
239 4110 323 4172 atque
354 4100 415 4154 heic
440 4099 503 4154 eide
529 4116 597 4171 qaas
616 4099 641 4151 ei
668 4100 740 4154 vices
759 4097 827 4152 deus
845 4099 951 4154 celerat.
970 4113 1172 4171 quacumque,
