2742 4617
278 969 734 1068 lnunuunms
773 953 1085 1069 sununs}

315 1157 321 1169 '
494 1180 837 1258 satureris.

549 1402 682 1419 ,ις-ιι·-
689 1405 784 1417 nen-eu-

784 1428 789 1435 ι

122 1564 368 1675 Musaeum
399 1596 560 1703 ctyoam
599 1596 668 1699 qut
708 1597 855 1703 primus
886 1600 1029 1679 craece
1068 1602 1207 1692 enno,

121 1728 328 1833 Philippus
360 1728 532 1807 Labbeus
573 1728 768 1805 codicibus
811 1732 1079 1837 manuscriptis
1122 1760 1210 1812 usus

122 1870 179 1928 est
204 1872 249 1929 nt
273 1852 407 1927 multis
429 1872 468 1927 et
492 1852 602 1929 bonis
628 1854 680 1927 ita
713 1854 904 1957 plerisque
924 1882 1005 1930 sero
1028 1858 1208 1961 impetra-

123 1974 189 2059 tis,
224 1972 415 2077 siquidem
450 1976 528 2079 ipse
573 1974 856 2059 „monendum”
891 1978 1020 2080 inquit
1052 2006 1206 2066 „censeo

118 2098 300 2174 lectorem
325 2118 415 2175 ante
439 2099 589 2203 aliquot
609 2126 730 2173 annos
754 2125 816 2173 me
838 2098 1046 2175 editionem
1069 2102 1205 2177 Graeci

121 2238 248 2328 textus
277 2249 322 2295 ex
354 2222 504 2297 duobus
536 2221 792 2297 bibliothecae
822 2240 971 2299 nostrae
994 2226 1203 2300 manuscri-

118 2346 199 2447 ptis
219 2343 413 2422 codicibus
436 2344 582 2421 mutilis
606 2362 722 2447 atque
758 2345 987 2449 imperfectis
1010 2366 1203 2423 maturare

118 2486 296 2543 coactum
327 2468 457 2557 fuisse,
490 2468 733 2571 eundemque
773 2488 898 2574 posteo
933 2470 1134 2549 contulisse
1158 2499 1203 2548 ac
1296 2542 1299 2547 ,

116 2593 348 2697 supplevisse
372 2594 513 2698 partim
539 2618 585 2669 cx
613 2594 873 2697 manuscripto
902 2592 1031 2668 codice
1055 2593 1203 2670 charta·

118 2740 192 2791 ceo
214 2716 377 2819 optimae
403 2734 528 2805 notae,
562 2740 584 2789 a
610 2716 809 2793 celsissima
832 2716 1006 2820 principe
1032 2716 1201 2794 lohanna

117 2838 326 2943 Baptistide
348 2840 554 2929 Borbonia,
579 2839 747 2941 generali
780 2838 932 2936 ordinis
949 2839 1203 2915 Fontisebrsl-

118 2960 244 3037 ‹Iensis
268 2962 454 3047 antistita,
480 2987 526 3037 ex
541 2961 851 3065 'locupletissima
876 2960 1200 3039 archimonasterii

116 3084 174 3159 sui
192 3085 422 3164 bibliotheca
434 3084 661 3192 deprompto
685 3102 801 3187 atquc
818 3083 1087 3161 humanissime
1111 3086 1200 3163 sub-

119 3210 345 3297 ministrato,
371 3209 512 3313 partim
534 3233 579 3281 ex
595 3209 709 3283 variis
729 3210 913 3311 excerptis
930 3207 979 3283 nd
993 3234 1053 3282 me
1079 3226 1197 3286 trans·

118 3330 237 3409 missis
259 3358 348 3406 cum
375 3334 492 3411 Roma
518 3358 539 3407 a
565 3334 613 3409 V.
638 3332 677 3411 G
708 3334 810 3409 Luca
834 3332 1044 3418 llolstenio‚
1069 3331 1197 3407 erudi·

119 3456 223 3531 tione
247 3456 352 3531 omni
377 3474 492 3559 atque
504 3454 745 3531 humanitate
767 3457 973 3559 perpolito,
999 3482 1044 3527 cx
1068 3454 1195 3533 codice

118 3578 369 3657 Vallicellano
393 3582 467 3655 llll.
493 3582 561 3655 PP.
587 3579 889 3685 congregationis
910 3578 1092 3670 Oratorii.
1113 3597 1195 3656 tum

121 3707 285 3805 Augusta
316 3700 608 3779 vindelicorum
643 3728 665 3775 a
697 3704 738 3776 R.
772 3693 812 3776 P.
844 3700 996 3774 Simone
1027 3704 1194 3805 Wagne-

121 3826 263 3916 rectio,
286 3826 472 3903 societatis
497 3842 645 3901 nostrae
668 3824 842 3927 theologo
857 3828 909 3919 τῷ
922 3821 1124 3926 μακαρίτῃ,
1148 3852 1194 3903 ex

119 3946 358 4025 bibliothecis
381 3948 557 4023 Bavarica
590 3966 706 4051 atque
738 3946 905 4023 eiusdem
928 3950 1194 4025 celeberrimae

121 4070 377 4179 reipublicae
409 4072 680 4177 sagunnae?
722 4100 801 4150 non
835 4074 963 4178 potuit
992 4071 1112 4176 igitur
1133 4072 1193 4151 vir
