2742 4617
446 257 656 323 suuuuuu
685 257 786 322 osas
817 260 857 321 ιι.
1097 259 1176 342 app

98 405 180 491 νιράς
201 405 312 472 αάτάν.
356 409 387 474 st
407 409 443 472 δὲ
466 409 569 474 ταῦτα
594 402 692 483 οῦτως
707 404 796 495 ἔχει,
820 411 885 472 ποῦ
903 404 1044 494 θήσομεν
1063 407 1103 472 τά
1124 409 1182 471 τοῦ

95 504 276 592 Ἰωσήπου,
293 502 317 588 ἢ
338 509 404 582 ποῦς
425 505 506 572 αῦτά
530 507 794 589 παραῦεξάμεθας
815 502 902 587 ὅμως
921 511 1026 588 μέντοι
1045 511 1183 592 προσθε-

97 607 169 671 τέον
187 613 252 680 τοῖς
275 599 340 670 rivio
361 607 416 672 κατ’
433 609 537 671 ταῦτα
556 607 600 671 δι’
616 603 749 689 εἴδησιν.
787 605 922 691 παράγει
942 605 1003 692 γάρ
1026 606 1080 672 τὸν
1098 609 1210 674 Mas-s

99 707 160 770 σέο
180 703 259 772 κατά
274 702 330 769 τάν
352 707 410 768 τοῦ
429 703 566 770 θανάτου
583 705 685 768 ου’τοῦ
703 703 817 790 καιρὸν
837 705 894 770 καί
902 702 975 770 τάδε
995 703 1072 769 κατά
1093 703 1181 790 ῥῆμα

69 801 179 886 5πρός
198 799 254 867 τὸν
281 801 359 867 λαὸν
385 808 511 886 λέγοντα
544 795 680 886 ,ἇνδρες
698 808 945 888 συστρατιῶται,
968 802 1038 868 έαεέ
1054 807 1098 892 τῷ
1116 805 1184 888 θεῷ

101 907 216 968 δοκοῦν
242 895 301 988 ἤδη
321 905 376 968 καί
401 906 445 990 τῷ
465 902 563 992 γήρᾳ,
582 896 707 985 χρόνων
737 901 782 987 ρκ’
803 905 860 968 καί
878 901 900 967 ε’
920 905 1114 988 ἠνυσμένων,
1134 905 1187 966 δεῖ

100 1025 142 1084 με
162 1006 222 1067 τοῦ
243 1005 299 1085 ζῆν
332 1003 503 1082 άπελθεῖν,
532 999 709 1085 ῦποτέέέημι
736 1000 791 1066 καὶ
815 1005 874 1068 νῦν
900 1000 941 1068 τά
972 1002 1082 1067 δέοντα
1102 999 1183 1084 πρὸς

100 1101 208 1184 ῦμιῖς,
225 1095 337 1182 άαειμι
364 1102 392 1164 δ’
413 1097 511 1176 αῦτάς
530 1099 654 1186 χοίρων
684 1099 739 1166 έπέ
757 1109 824 1178 τοῖς
844 1097 1008 1186 ῦμετέροις
1023 1102 1184 1181 άγαθοῖς.”

100 1202 298 1289 πορευομένῳ
318 1201 354 1264 δέ
377 1192 462 1287 crisipi
479 1192 520 1263 οῦ
540 1196 667 1282 ἔμελλεν
687 1200 925 1286 ἀφανισθῆναι,
947 1202 1060 1275 πάντες
1079 1199 1181 1264 sinor·
1221 1227 1229 1252 ι

53 1321 136 1373 mro
157 1301 392 1382 δεδακρυμένοι.
433 1297 656 1378 ἀσπαζομένου
678 1301 714 1364 δέ
735 1299 836 1364 αῦτοῦ
855 1301 911 1365 καί
931 1297 984 1366 τὸν
1000 1294 1184 1382 Ἐλεάζαρον

101 1395 157 1462 καί
170 1397 298 1480 Ἰησοῦν
318 1399 372 1460 καί
390 1400 651 1482 προσομιλοῦντος
670 1395 795 1476 άῦτοῖς,
820 1394 869 1462 ἔτι
889 1397 992 1464 iiius*
1012 1399 1071 1463 τοῦ
1088 1389 1184 1480 ὅρους

102 1499 161 1560 τοῦ
180 1497 334 1579 Ἀβαριμ,
365 1497 482 1582 νέφους
512 1494 672 1581 αἰφνάλιον
701 1491 782 1581 ῦπὲρ
804 1497 904 1560 ου’τοῦ
924 1495 1047 1572 στάντος
1066 1489 1183 1580 άφανέ-

103 1597 192 1673 ζεται
212 1594 289 1659 κατά
316 1619 402 1670 τινος
429 1595 600 1682 φάραγγος.
657 1597 712 1659 κατ’
742 1591 759 1658 ά
783 1598 842 1677 μέν
861 1593 1006 1681 Ἰάοητιος
1025 1592 1112 1661 ἔστιν
1131 1590 1184 1661 irs

102 1696 286 1776 μυθολογῶν
306 1690 389 1760 οῦτω
411 1694 591 1781 φαιίιεται.Ι

56 1807 95 1868 ι5
180 1793 217 1858 ‘0
237 1795 273 1858 δέ
294 1817 329 1877 γε
351 1797 479 1878 Μωσῆς
498 1794 653 1858 τελευτῶν
671 1789 830 1878 ἐπιτίθησι
850 1791 908 1868 τάς
927 1799 1038 1877 χεῖρας
1058 1791 1113 1857 ἐπὶ
1131 1789 1213 1856 rinc

102 1893 221 1978 Ἰησοῦν
232 1889 287 1956 τάν
308 1894 366 1956 τοῦ
379 1895 476 1976 Ναυῆ
493 1890 577 1972 υἱόν,
599 1890 748 1974 καίτοιγε
765 1893 1071 1976 προμαρτυρηθέντα
1090 1893 1183 1954 πνεῦ-

102 2017 150 2072 μα
172 1985 261 2073 ἅγιον
281 1990 376 2074 ἔχειν.
417 1995 473 2078 a'p·
496 1983 535 2053 οῦ
563 1990 601 2073 δή
628 1993 683 2054 κατ’
697 1987 792 2073 νόμος
813 1987 995 2074 κεκράτηκεν
1014 1984 1094 2054 οῦστο
1111 1986 1185 2065 τοῦς

105 2091 266 2174 α’ρχιερτῦς
285 2097 397 2176 χεῖρας
419 2092 595 2156 ἐπιτιθέναι
616 2096 682 2165 τοῖς
701 2091 1005 2175 χειροτονουμένοις,
1030 2085 1085 2151 καέ
1103 2083 1186 2150 οῦτω

105 2189 196 2264 θειάς
214 2191 345 2273 χάριτος
365 2187 618 2271 μεταλαμβάνειν
638 2187 774 2263 αῦτοάς·
797 2190 874 2270 „eoi
891 2185 1023 2272 stosze
1044 2183 1103 2269 γάρ
1126 2211 1187 2270 ρη-

55 2313 137 2358 soor
160 2284 237 2370 ,τάς
256 2289 369 2372 χεῖράς
391 2311 448 2353 σου
478 2292 526 2354 ἐπ’
549 2287 673 2352 αῦτὸν.”
716 2284 830 2352 τοῦτου
852 2289 887 2352 δὲ
907 2287 964 2352 τοῦ
980 2286 1086 2369 Ἰησοῦ
1104 2309 1185 2365 ουμ·

103 2390 279 2469 μαχοῦντος
298 2395 363 2462 τοῖς
386 2390 416 2452 Γ
414 2391 604 2469 αβαωνέταις
625 2380 851 2472 (ἐστράτευσαν
869 2382 929 2472 γάρ
940 2407 1020 2459 τινες
1039 2385 1104 2449 κατ’
1127 2384 1188 2447 αι’-

106 2658 182 2712 modi
199 2657 478 2729 compellavit(1udae
500 2661 541 2732 ιο)
558 2659 698 2730 „increpet
712 2656 901 2712 rodominus?
918 2674 988 2729 qnae
1009 2660 1032 2711 si
1051 2676 1114 2712 vera
1131 2667 1187 2713 ste·

106 2739 215 2784 tuemur
233 2745 305 2794 esso,
323 2746 376 2800 qno
397 2729 457 2781 loco
477 2729 587 2798 Iosephi
611 2731 793 2783 narrationem
813 2729 991 2782 babebimus?
1007 2729 1052 2781 rel
1069 2747 1187 2800 quonam

106 2809 186 2870 pacto
204 2798 278 2851 illam
299 2798 491 2853 admittemus?
519 2799 597 2852 lubet
619 2809 710 2852 autem
728 2802 832 2870 etipsa
849 2799 924 2869 prius
942 2799 1068 2852 indicatis
1085 2801 1188 2852 adiice-

106 2887 154 2933 re,
173 2887 227 2992 ριιο
248 2871 342 2922 saltem
358 2877 424 2922 nota
442 2871 503 2922 sint.
523 2870 610 2922 tradit
625 2871 698 2922 enim
716 2872 819 2922 Μοιεαι
835 2870 886 2922 sub
904 2871 992 2937 ipsum
1009 2873 1104 2922 monis
1118 2880 1189 2922 tern-

105 2959 157 3010 pus
196 2940 331 2992 eiusmodi
355 2941 477 2994 oratione
501 2943 631 3010 populum
654 2941 847 3010 compellasse:
863 2940 1008 3010 ‚,qunndo,
1026 2940 1189 2992 commilito·

105 3027 171 3073 nes,
193 3013 231 3062 sic
248 3011 300 3062 deo
309 3013 397 3064 uisum
415 3019 457 3064 est
473 3028 504 3062 ac
523 3013 664 3075 senectuti,
681 3011 782 3063 exactis
800 3012 853 3062 iam
869 3011 947 3061 annis
967 3012 1064 3061 aetatis
1079 3019 1188 3062 centurn

104 3082 368 3152 vigintiquinque,
394 3089 425 3134 ut
448 3080 498 3132 hae
515 3083 572 3134 vita
595 3098 667 3133 nunc
696 3080 838 3144 excedam,
866 3081 947 3132 etiam
968 3080 1050 3132 modo
1077 3097 1126 3133 ros
1153 3079 1188 3133 rle

106 3153 142 3203 iis
161 3152 312 3204 admonebo
329 3168 399 3221 quse
416 3150 541 3203 faciunda
560 3160 646 3208 erunt.
667 3153 726 3272 ipse
739 3152 849 3221 quidem
867 3153 953 3202 laetus
975 3151 1011 3203 ob
1030 3159 1120 3202 vestra
1136 3149 1189 3202 bo-

106 3239 144 3272 na
160 3223 268 3290 migro?
292 3239 352 3275 curn
381 3222 447 3274 haec
473 3223 628 3291 prolocutus
651 3239 665 3272 a
711 3239 772 3274 eum
802 3222 891 3272 locum
916 3231 1041 3290 pergeret
1066 3238 1121 3291 quo
1145 3223 1188 3272 lo-

107 3309 141 3344 co
158 3293 278 3344 interram
296 3301 354 3345 erat
370 3301 400 3344 ut
425 3309 458 3344 ex
481 3294 599 3362 ipsorum
617 3303 763 3362 conspectu
780 3291 963 3361 abriperetur,
990 3310 1051 3343 cum
1065 3291 1189 3358 lacrymis

108 3379 203 3414 omues
220 3363 409 3433 sequebantur.
428 3363 622 3426 intereavero,
640 3361 704 3413 dum
717 3364 871 3414 Eleazarum
890 3371 919 3413 et
937 3363 1024 3413 Iesum
1041 3362 1188 3430 amplecte-

108 3441 198 3496 retur,
215 3451 246 3484 ac
267 3451 403 3485 sermones
421 3451 480 3484 eum
500 3435 537 3486 eis
555 3434 691 3484 conferret
707 3435 735 3484 iu
753 3441 845 3484 moute
863 3431 954 3494 Abori,
973 3449 1036 3484 mox
1052 3432 1125 3484 nube
1142 3449 1189 3484 su-

106 3503 169 3556 bito
189 3519 219 3554 se
236 3521 317 3574 supra
337 3506 425 3573 ipsurn
445 3503 604 3556 demittente
620 3503 706 3556 videri
723 3503 813 3566 desiit,
832 3505 862 3555 in
873 3503 970 3554 vallem
991 3501 1125 3571 quandam
1140 3503 1191 3554 ab·

106 3581 210 3642 reptos.
227 3575 264 3626 sic
283 3591 337 3626 rem
363 3583 462 3642 gestam
480 3573 610 3644 Iosephus
628 3583 768 3637 recenset,
786 3574 834 3644 qui
851 3589 916 3625 sane
934 3590 1128 3644 nonnunquam
1150 3573 1191 3626 io·
1280 3584 1282 3587 '

106 3645 183 3698 batis
201 3654 383 3697 consentanea
394 3643 493 3697 litteris
510 3644 651 3696 mundasse
668 3643 784 3695 videtur.

180 3715 321 3768 Caeterum
339 3716 545 3770 Mosesvisendi
565 3715 645 3766 [inem
664 3715 782 3766 facturos
800 3714 860 3768 lesu
872 3715 964 3766 Navae
982 3713 1011 3763 F.
1028 3729 1123 3764 manus
1140 3711 1193 3764 irn-

107 3785 217 3854 posuit‚
236 3803 390 3870 quanquam
410 3786 436 3836 ei
455 3787 638 3840 testimonium
655 3785 708 3836 iam
724 3793 805 3838 antea
823 3803 878 3856 quo
899 3801 933 3836 ue
951 3783 1083 3836 tributum
1105 3791 1193 3844 esset,

108 3853 186 3924 quod
213 3857 338 3925 spiritum
365 3864 486 3908 sanctum
515 3856 634 3908 haberet.
661 3855 726 3908 hinc
754 3874 811 3908 mos
836 3803 952 3908 inoievit
980 3862 1009 3907 et
1026 3854 1147 3906 obtinuit
1163 3863 1195 3905 ut

108 3927 217 3977 muneri
245 3927 327 3978 alicui
353 3927 542 3996 praeficiendis
571 3926 723 3978 sacerdotes
750 3944 844 3978 uranus
867 3927 1020 3996 imponant,
1043 3940 1098 3994 quo
1121 3925 1194 3976 iacto

111 3994 221 4048 «livinae
240 3998 341 4064 gratiae
369 3999 514 4067 participes
532 3999 608 4049 fiunt.
634 3997 768 4066 impones,
790 3997 881 4066 inquit
899 3997 965 4050 usus
982 3998 1043 4062 [los.
1063 3997 1120 4064 ro),
1138 4011 1196 4046 nra-

110 4083 177 4118 rurm
200 4075 275 4118 tuam
293 4067 362 4137 ipsi,
391 4076 417 4119 et
437 4069 547 4136 gloriam
566 4078 638 4119 tuam
658 4069 685 4118 iu
706 4085 766 4118 rum
795 4068 945 4120 transferes.
973 4061 1032 4117 cum
1054 4063 1097 4116 hic
1120 4066 1196 4116 lesus

110 4153 191 4206 opero
214 4137 381 4213 'Gabaonitis
411 4138 506 4202 ferret,
535 4157 602 4210 quos
630 4139 780 4195 iuraseraut
806 4148 948 4212 propterea
972 4136 1097 4191 nonnulli
1120 4133 1197 4206 quoti
