<?xml version="1.0" encoding="UTF-8"?>
<!DOCTYPE html PUBLIC "-//W3C//DTD XHTML 1.0 Transitional//EN"
    "http://www.w3.org/TR/xhtml1/DTD/xhtml1-transitional.dtd">
<html xmlns="http://www.w3.org/1999/xhtml" xml:lang="en" lang="en">
 <head>
  <title>
</title>
<meta http-equiv="Content-Type" content="text/html;charset=utf-8" />
  <meta name='ocr-system' content='tesseract 3.04.00' />
  <meta name='ocr-capabilities' content='ocr_page ocr_carea ocr_par ocr_line ocrx_word'/>
</head>
<body>
  <div class='ocr_page' id='page_1' title='image "./michaelisglycae01glycgoog/michaelisglycae01glycgoog_0323.png"; bbox 0 0 2742 4617; ppageno 0'>
   <div class='ocr_carea' id='block_1_1' title="bbox 493 255 1225 368">
    <p class='ocr_par' dir='ltr' id='par_1_1' title="bbox 493 255 1225 368">
     <span class='ocr_line' id='line_1_1' title="bbox 493 255 1225 368; baseline -0.023 -12"><span class='ocrx_word' id='word_1_1' title='bbox 493 289 706 355; x_wconf 82' lang='lat' dir='ltr'><strong>uuuuuuu</strong></span> <span class='ocrx_word' id='word_1_2' title='bbox 733 283 836 352; x_wconf 78' lang='lat' dir='ltr'><strong>rsus</strong></span> <span class='ocrx_word' id='word_1_3' title='bbox 854 289 895 349; x_wconf 93' lang='lat' dir='ltr'><strong>u.</strong></span> <span class='ocrx_word' id='word_1_4' title='bbox 1142 255 1225 368; x_wconf 76' lang='lat'><strong>267</strong></span> 
     </span>
    </p>
   </div>
   <div class='ocr_carea' id='block_1_2' title="bbox 101 433 1269 2306">
    <p class='ocr_par' dir='ltr' id='par_1_2' title="bbox 147 433 1257 826">
     <span class='ocr_line' id='line_1_2' title="bbox 223 433 1257 529; baseline -0.012 -18"><span class='ocrx_word' id='word_1_5' title='bbox 223 441 293 512; x_wconf 71' lang='lat' dir='ltr'><strong>“On</strong></span> <span class='ocrx_word' id='word_1_6' title='bbox 320 442 339 510; x_wconf 84' lang='grc' dir='ltr'><strong><em>ὃ</em></strong></span> <span class='ocrx_word' id='word_1_7' title='bbox 366 444 424 510; x_wconf 84' lang='grc' dir='ltr'><strong><em>τού</em></strong></span> <span class='ocrx_word' id='word_1_8' title='bbox 457 445 662 529; x_wconf 77' lang='grc' dir='ltr'><strong><em>Ἀρταξέρξου</em></strong></span> <span class='ocrx_word' id='word_1_9' title='bbox 684 438 753 517; x_wconf 76' lang='grc' dir='ltr'><strong><em>υίὸς</em></strong></span> <span class='ocrx_word' id='word_1_10' title='bbox 769 433 864 522; x_wconf 81' lang='grc' dir='ltr'><strong><em>Ὦχος</em></strong></span> <span class='ocrx_word' id='word_1_11' title='bbox 882 436 939 523; x_wconf 77' lang='grc' dir='ltr'><strong>τὴν</strong></span> <span class='ocrx_word' id='word_1_12' title='bbox 958 435 1119 521; x_wconf 81' lang='grc' dir='ltr'><strong><em>Αἴγυπτον</em></strong></span> <span class='ocrx_word' id='word_1_13' title='bbox 1136 438 1257 504; x_wconf 78' lang='grc' dir='ltr'><strong><em>κατέ-Β</em></strong></span> 
     </span>
     <span class='ocr_line' id='line_1_3' title="bbox 148 532 1228 628; baseline -0.01 -18"><span class='ocrx_word' id='word_1_14' title='bbox 148 569 241 627; x_wconf 90' lang='grc' dir='ltr'><strong><em>σχεν,</em></strong></span> <span class='ocrx_word' id='word_1_15' title='bbox 268 540 285 608; x_wconf 81' lang='grc' dir='ltr'>ὅ</span> <span class='ocrx_word' id='word_1_16' title='bbox 318 540 469 628; x_wconf 78' lang='grc' dir='ltr'><strong><em>βασιλεύς</em></strong></span> <span class='ocrx_word' id='word_1_17' title='bbox 500 544 599 625; x_wconf 77' lang='grc' dir='ltr'><strong><em>αὐτῆς</em></strong></span> <span class='ocrx_word' id='word_1_18' title='bbox 633 537 821 621; x_wconf 80' lang='grc' dir='ltr'><strong><em>Νεκτεναβιύ</em></strong></span> <span class='ocrx_word' id='word_1_19' title='bbox 854 532 992 612; x_wconf 77' lang='grc' dir='ltr'><strong><em>ἀλλάξας</em></strong></span> <span class='ocrx_word' id='word_1_20' title='bbox 1019 533 1077 619; x_wconf 76' lang='grc' dir='ltr'><strong>την</strong></span> <span class='ocrx_word' id='word_1_21' title='bbox 1108 536 1228 617; x_wconf 77' lang='grc' dir='ltr'><strong><em>ἐσθῆτα</em></strong></span> 
     </span>
     <span class='ocr_line' id='line_1_4' title="bbox 147 629 1230 732; baseline -0.011 -24"><span class='ocrx_word' id='word_1_22' title='bbox 147 644 265 732; x_wconf 79' lang='grc' dir='ltr'><strong><em>ἔφυγεν</em></strong></span> <span class='ocrx_word' id='word_1_23' title='bbox 297 647 344 718; x_wconf 84' lang='grc' dir='ltr'><strong>εἰς</strong></span> <span class='ocrx_word' id='word_1_24' title='bbox 366 641 587 722; x_wconf 74' lang='grc' dir='ltr'><strong><em>Μακεδονίαν,</em></strong></span> <span class='ocrx_word' id='word_1_25' title='bbox 625 635 679 704; x_wconf 82' lang='grc' dir='ltr'><strong>διά</strong></span> <span class='ocrx_word' id='word_1_26' title='bbox 705 640 963 719; x_wconf 84' lang='grc' dir='ltr'><strong><em>λεκανομαντείας</em></strong></span> <span class='ocrx_word' id='word_1_27' title='bbox 997 631 1152 719; x_wconf 83' lang='grc' dir='ltr'><strong><em>προγνούς</em></strong></span> <span class='ocrx_word' id='word_1_28' title='bbox 1168 629 1230 716; x_wconf 74' lang='grc' dir='ltr'><strong>τὴν</strong></span> 
     </span>
     <span class='ocr_line' id='line_1_5' title="bbox 148 729 1229 826; baseline -0.016 -18"><span class='ocrx_word' id='word_1_29' title='bbox 148 740 313 826; x_wconf 74' lang='grc' dir='ltr'><strong>Αἰγύπτου</strong></span> <span class='ocrx_word' id='word_1_30' title='bbox 334 741 533 824; x_wconf 75' lang='grc' dir='ltr'><strong><em>κατάσχεσιν,</em></strong></span> <span class='ocrx_word' id='word_1_31' title='bbox 551 742 607 804; x_wconf 86' lang='grc' dir='ltr'><strong>καί</strong></span> <span class='ocrx_word' id='word_1_32' title='bbox 624 735 678 802; x_wconf 80' lang='grc' dir='ltr'><strong>διά</strong></span> <span class='ocrx_word' id='word_1_33' title='bbox 700 735 760 812; x_wconf 82' lang='grc' dir='ltr'><strong><em>τάς</em></strong></span> <span class='ocrx_word' id='word_1_34' title='bbox 782 737 886 801; x_wconf 85' lang='grc' dir='ltr'><strong><em>αύτού</em></strong></span> <span class='ocrx_word' id='word_1_35' title='bbox 904 736 1094 819; x_wconf 72' lang='grc' dir='ltr'><strong><em>μαγγανείας</em></strong></span> <span class='ocrx_word' id='word_1_36' title='bbox 1114 729 1229 816; x_wconf 84' lang='grc' dir='ltr'><strong><em>γνάρι.</em></strong></span> 
     </span>
    </p>

    <p class='ocr_par' dir='ltr' id='par_1_3' title="bbox 118 821 1263 1318">
     <span class='ocr_line' id='line_1_6' title="bbox 118 821 1230 928; baseline -0.012 -23"><span class='ocrx_word' id='word_1_37' title='bbox 118 849 140 912; x_wconf 85' lang='grc'><strong><em>5</em></strong></span> <span class='ocrx_word' id='word_1_38' title='bbox 147 865 208 924; x_wconf 86' lang='grc' dir='ltr'><strong>μσς</strong></span> <span class='ocrx_word' id='word_1_39' title='bbox 242 843 360 925; x_wconf 88' lang='grc' dir='ltr'><strong><em>γίνεται</em></strong></span> <span class='ocrx_word' id='word_1_40' title='bbox 382 842 528 928; x_wconf 75' lang='grc' dir='ltr'><strong><em>Φιλίππῳ</em></strong></span> <span class='ocrx_word' id='word_1_41' title='bbox 556 839 612 903; x_wconf 84' lang='grc' dir='ltr'><strong>καί</strong></span> <span class='ocrx_word' id='word_1_42' title='bbox 636 840 678 924; x_wconf 77' lang='grc' dir='ltr'><strong><em>τῇ</em></strong></span> <span class='ocrx_word' id='word_1_43' title='bbox 703 837 830 919; x_wconf 81' lang='grc' dir='ltr'><strong><em>γυναικί</em></strong></span> <span class='ocrx_word' id='word_1_44' title='bbox 856 833 955 898; x_wconf 81' lang='grc' dir='ltr'><strong><em>αύτού</em></strong></span> <span class='ocrx_word' id='word_1_45' title='bbox 979 821 1230 918; x_wconf 77' lang='grc' dir='ltr'><strong><em>’ολυμντιάύι,ᾖ</em></strong></span> 
     </span>
     <span class='ocr_line' id='line_1_7' title="bbox 149 929 1231 1022; baseline -0.008 -19"><span class='ocrx_word' id='word_1_46' title='bbox 149 943 205 1005; x_wconf 88' lang='grc' dir='ltr'><strong>καί</strong></span> <span class='ocrx_word' id='word_1_47' title='bbox 222 938 408 1022; x_wconf 72' lang='grc' dir='ltr'><em>μιγνύμενος</em></span> <span class='ocrx_word' id='word_1_48' title='bbox 440 933 494 1002; x_wconf 78' lang='grc' dir='ltr'><strong>διά</strong></span> <span class='ocrx_word' id='word_1_49' title='bbox 516 939 666 1022; x_wconf 71' lang='grc' dir='ltr'><strong><em>μηχανῶν</em></strong></span> <span class='ocrx_word' id='word_1_50' title='bbox 687 933 771 1000; x_wconf 80' lang='grc' dir='ltr'><strong><em>ἔτεκε</em></strong></span> <span class='ocrx_word' id='word_1_51' title='bbox 791 931 848 1000; x_wconf 86' lang='grc' dir='ltr'><strong>τάν</strong></span> <span class='ocrx_word' id='word_1_52' title='bbox 867 934 1079 1015; x_wconf 76' lang='grc' dir='ltr'><strong><em>Ἀλέξανδρον.</em></strong></span> <span class='ocrx_word' id='word_1_53' title='bbox 1121 929 1231 1012; x_wconf 76' lang='grc' dir='ltr'><strong><em>ὃμὲν-</em></strong></span> 
     </span>
     <span class='ocr_line' id='line_1_8' title="bbox 147 1027 1231 1119; baseline -0.011 -15"><span class='ocrx_word' id='word_1_54' title='bbox 147 1037 197 1104; x_wconf 83' lang='grc' dir='ltr'><strong><em>τύι</em></strong></span> <span class='ocrx_word' id='word_1_55' title='bbox 219 1043 375 1114; x_wconf 86' lang='grc' dir='ltr'><strong><em>Φιλιααος</em></strong></span> <span class='ocrx_word' id='word_1_56' title='bbox 397 1031 599 1112; x_wconf 75' lang='grc' dir='ltr'><strong><em>Μακεδονίας</em></strong></span> <span class='ocrx_word' id='word_1_57' title='bbox 618 1031 812 1119; x_wconf 81' lang='grc' dir='ltr'><strong><em>βασιλεύσας</em></strong></span> <span class='ocrx_word' id='word_1_58' title='bbox 832 1035 888 1098; x_wconf 88' lang='grc' dir='ltr'><strong>καί</strong></span> <span class='ocrx_word' id='word_1_59' title='bbox 911 1029 1088 1098; x_wconf 75' lang='grc' dir='ltr'><strong><em>Θεσσαλίαν</em></strong></span> <span class='ocrx_word' id='word_1_60' title='bbox 1116 1027 1231 1094; x_wconf 86' lang='grc' dir='ltr'><strong><em>ύαοτά-</em></strong></span> 
     </span>
     <span class='ocr_line' id='line_1_9' title="bbox 149 1124 1231 1224; baseline -0.009 -24"><span class='ocrx_word' id='word_1_61' title='bbox 149 1139 207 1214; x_wconf 81' lang='grc' dir='ltr'><strong>ξας</strong></span> <span class='ocrx_word' id='word_1_62' title='bbox 227 1135 319 1201; x_wconf 83' lang='grc' dir='ltr'><strong><em>πόλιν</em></strong></span> <span class='ocrx_word' id='word_1_63' title='bbox 338 1139 373 1202; x_wconf 76' lang='grc' dir='ltr'><strong><em>ἐν</em></strong></span> <span class='ocrx_word' id='word_1_64' title='bbox 390 1135 468 1224; x_wconf 78' lang='grc' dir='ltr'><strong><em>αύτῇ</em></strong></span> <span class='ocrx_word' id='word_1_65' title='bbox 487 1133 582 1215; x_wconf 79' lang='grc' dir='ltr'><strong><em>κτίζει</em></strong></span> <span class='ocrx_word' id='word_1_66' title='bbox 606 1133 661 1200; x_wconf 85' lang='grc' dir='ltr'><strong>καί</strong></span> <span class='ocrx_word' id='word_1_67' title='bbox 682 1134 911 1216; x_wconf 72' lang='grc' dir='ltr'><strong><em>Θεσσαλονίκην</em></strong></span> <span class='ocrx_word' id='word_1_68' title='bbox 933 1136 1029 1195; x_wconf 74' lang='grc' dir='ltr'><strong><em>καλεῖ.</em></strong></span> <span class='ocrx_word' id='word_1_69' title='bbox 1055 1124 1136 1210; x_wconf 87' lang='grc' dir='ltr'><strong><em>μετά</em></strong></span> <span class='ocrx_word' id='word_1_70' title='bbox 1155 1128 1231 1192; x_wconf 85' lang='grc' dir='ltr'><strong><em>τού-</em></strong></span> 
     </span>
     <span class='ocr_line' id='line_1_10' title="bbox 149 1223 1263 1318; baseline -0.009 -18"><span class='ocrx_word' id='word_1_71' title='bbox 149 1259 205 1300; x_wconf 86' lang='grc' dir='ltr'><strong>τον</strong></span> <span class='ocrx_word' id='word_1_72' title='bbox 222 1235 434 1318; x_wconf 72' lang='grc' dir='ltr'><strong><em>Ἀλέξανδρος.</em></strong></span> <span class='ocrx_word' id='word_1_73' title='bbox 478 1230 532 1299; x_wconf 78' lang='grc' dir='ltr'><strong>ὅτε</strong></span> <span class='ocrx_word' id='word_1_74' title='bbox 553 1237 660 1300; x_wconf 85' lang='grc' dir='ltr'><strong><em>τοίνυν</em></strong></span> <span class='ocrx_word' id='word_1_75' title='bbox 680 1223 770 1309; x_wconf 76' lang='grc' dir='ltr'><strong><em>οὗτος</em></strong></span> <span class='ocrx_word' id='word_1_76' title='bbox 789 1230 868 1296; x_wconf 85' lang='grc' dir='ltr'><strong><em>κατά</em></strong></span> <span class='ocrx_word' id='word_1_77' title='bbox 882 1231 1023 1315; x_wconf 79' lang='grc' dir='ltr'><strong><em>Περσῶν</em></strong></span> <span class='ocrx_word' id='word_1_78' title='bbox 1042 1228 1098 1292; x_wconf 87' lang='grc' dir='ltr'><strong>καί</strong></span> <span class='ocrx_word' id='word_1_79' title='bbox 1108 1225 1263 1310; x_wconf 68' lang='grc' dir='ltr'><strong><em>Μύδωνῦ</em></strong></span> 
     </span>
    </p>

    <p class='ocr_par' dir='ltr' id='par_1_4' title="bbox 101 1323 1234 1814">
     <span class='ocr_line' id='line_1_11' title="bbox 101 1323 1233 1419; baseline -0.008 -19"><span class='ocrx_word' id='word_1_80' title='bbox 101 1331 300 1419; x_wconf 77' lang='grc' dir='ltr'><strong><em>ισύρμησε,</em></strong></span> <span class='ocrx_word' id='word_1_81' title='bbox 319 1338 506 1416; x_wconf 81' lang='grc' dir='ltr'><strong><em>συμμαχίαν</em></strong></span> <span class='ocrx_word' id='word_1_82' title='bbox 523 1331 598 1408; x_wconf 88' lang='grc' dir='ltr'><strong><em>τούς</em></strong></span> <span class='ocrx_word' id='word_1_83' title='bbox 614 1332 787 1407; x_wconf 73' lang='lat' dir='ltr'><strong>’loedorice</strong></span> <span class='ocrx_word' id='word_1_84' title='bbox 807 1327 944 1415; x_wconf 76' lang='grc' dir='ltr'><strong><em>ἐζήτησε.</em></strong></span> <span class='ocrx_word' id='word_1_85' title='bbox 985 1331 1041 1393; x_wconf 85' lang='grc' dir='ltr'><strong>καί</strong></span> <span class='ocrx_word' id='word_1_86' title='bbox 1061 1326 1106 1410; x_wconf 76' lang='grc' dir='ltr'><strong>μη</strong></span> <span class='ocrx_word' id='word_1_87' title='bbox 1126 1323 1233 1409; x_wconf 77' lang='grc' dir='ltr'><strong><em>λαβάν</em></strong></span> 
     </span>
     <span class='ocr_line' id='line_1_12' title="bbox 153 1422 1234 1520; baseline -0.011 -21"><span class='ocrx_word' id='word_1_88' title='bbox 153 1431 331 1520; x_wconf 56' lang='lat' dir='ltr'><strong>(condisce</strong></span> <span class='ocrx_word' id='word_1_89' title='bbox 350 1431 412 1517; x_wconf 88' lang='grc' dir='ltr'><strong>γάρ</strong></span> <span class='ocrx_word' id='word_1_90' title='bbox 426 1427 512 1515; x_wconf 81' lang='grc' dir='ltr'><strong><em>εἶχον</em></strong></span> <span class='ocrx_word' id='word_1_91' title='bbox 534 1429 614 1516; x_wconf 83' lang='grc' dir='ltr'><strong><em>ντρὸς</em></strong></span> <span class='ocrx_word' id='word_1_92' title='bbox 625 1436 761 1516; x_wconf 86' lang='grc' dir='ltr'><strong><em>Δαρεῖον</em></strong></span> <span class='ocrx_word' id='word_1_93' title='bbox 781 1425 826 1512; x_wconf 75' lang='grc' dir='ltr'><strong>μὴ</strong></span> <span class='ocrx_word' id='word_1_94' title='bbox 848 1435 995 1509; x_wconf 81' lang='grc' dir='ltr'><strong><em>πολεμεῖν</em></strong></span> <span class='ocrx_word' id='word_1_95' title='bbox 1009 1424 1122 1510; x_wconf 75' lang='lat' dir='ltr'><strong>ederis)</strong></span> <span class='ocrx_word' id='word_1_96' title='bbox 1144 1422 1234 1512; x_wconf 71' lang='grc' dir='ltr'><strong><em>ἐπῄει</em></strong></span> 
     </span>
     <span class='ocr_line' id='line_1_13' title="bbox 152 1524 1234 1615; baseline -0.008 -19"><span class='ocrx_word' id='word_1_97' title='bbox 152 1537 223 1596; x_wconf 83' lang='grc' dir='ltr'><strong><em>κατ’</em></strong></span> <span class='ocrx_word' id='word_1_98' title='bbox 246 1531 362 1597; x_wconf 67' lang='lat' dir='ltr'><strong>adroic.</strong></span> <span class='ocrx_word' id='word_1_99' title='bbox 416 1529 432 1596; x_wconf 83' lang='grc' dir='ltr'><em>ὃ</em></span> <span class='ocrx_word' id='word_1_100' title='bbox 460 1531 535 1614; x_wconf 80' lang='grc' dir='ltr'><strong><em>γούν</em></strong></span> <span class='ocrx_word' id='word_1_101' title='bbox 563 1527 731 1615; x_wconf 82' lang='grc' dir='ltr'><strong><em>α’ρχιερεύς</em></strong></span> <span class='ocrx_word' id='word_1_102' title='bbox 760 1526 841 1612; x_wconf 87' lang='grc' dir='ltr'><strong><em>αρύς</em></strong></span> <span class='ocrx_word' id='word_1_103' title='bbox 865 1524 1009 1609; x_wconf 75' lang='grc' dir='ltr'><strong><em>ἔκπληξιν</em></strong></span> <span class='ocrx_word' id='word_1_104' title='bbox 1028 1525 1086 1609; x_wconf 76' lang='grc' dir='ltr'><strong>τὴν</strong></span> <span class='ocrx_word' id='word_1_105' title='bbox 1105 1529 1234 1605; x_wconf 76' lang='grc' dir='ltr'><strong><em>θαυμα·</em></strong></span> 
     </span>
     <span class='ocr_line' id='line_1_14' title="bbox 152 1620 1232 1716; baseline -0.009 -20"><span class='ocrx_word' id='word_1_106' title='bbox 152 1629 231 1716; x_wconf 73' lang='grc' dir='ltr'><strong><em>στῆν</em></strong></span> <span class='ocrx_word' id='word_1_107' title='bbox 261 1629 381 1715; x_wconf 76' lang='grc' dir='ltr'><strong><em>ἐκείνην</em></strong></span> <span class='ocrx_word' id='word_1_108' title='bbox 399 1626 513 1714; x_wconf 66' lang='grc' dir='ltr'><strong><em>στολὴν</em></strong></span> <span class='ocrx_word' id='word_1_109' title='bbox 542 1625 753 1712; x_wconf 73' lang='grc' dir='ltr'><strong><em>ἐνδυσάμενος</em></strong></span> <span class='ocrx_word' id='word_1_110' title='bbox 777 1630 821 1713; x_wconf 76' lang='grc' dir='ltr'><strong><em>τῷ</em></strong></span> <span class='ocrx_word' id='word_1_111' title='bbox 847 1621 1039 1713; x_wconf 77' lang='grc' dir='ltr'><strong><em>Ἀλεξάνδρῳ</em></strong></span> <span class='ocrx_word' id='word_1_112' title='bbox 1063 1620 1232 1707; x_wconf 81' lang='grc' dir='ltr'><strong><em>ύαὴντησε.</em></strong></span> 
     </span>
     <span class='ocr_line' id='line_1_15' title="bbox 153 1723 1234 1814; baseline -0.006 -22"><span class='ocrx_word' id='word_1_113' title='bbox 153 1730 209 1793; x_wconf 87' lang='grc' dir='ltr'><strong>καί</strong></span> <span class='ocrx_word' id='word_1_114' title='bbox 230 1725 266 1808; x_wconf 70' lang='lat' dir='ltr'><strong>dc</strong></span> <span class='ocrx_word' id='word_1_115' title='bbox 286 1731 465 1813; x_wconf 76' lang='grc' dir='ltr'><strong><em>ἐκπλαγείς,</em></strong></span> <span class='ocrx_word' id='word_1_116' title='bbox 485 1729 656 1814; x_wconf 74' lang='grc' dir='ltr'><strong><em>κςίυτεῦθεν</em></strong></span> <span class='ocrx_word' id='word_1_117' title='bbox 679 1730 737 1791; x_wconf 81' lang='grc' dir='ltr'><strong><em>τού</em></strong></span> <span class='ocrx_word' id='word_1_118' title='bbox 765 1726 863 1790; x_wconf 79' lang='lat' dir='ltr'><strong>innoc</strong></span> <span class='ocrx_word' id='word_1_119' title='bbox 884 1723 1041 1806; x_wconf 81' lang='grc' dir='ltr'><strong><em>καταβάς,</em></strong></span> <span class='ocrx_word' id='word_1_120' title='bbox 1061 1727 1106 1810; x_wconf 66' lang='lat' dir='ltr'><strong>rui</strong></span> <span class='ocrx_word' id='word_1_121' title='bbox 1124 1723 1234 1807; x_wconf 84' lang='grc' dir='ltr'><strong><em>σίρχιε-</em></strong></span> 
     </span>
    </p>

    <p class='ocr_par' dir='ltr' id='par_1_5' title="bbox 105 1819 1269 2306">
     <span class='ocr_line' id='line_1_16' title="bbox 105 1819 1235 1914; baseline -0.013 -16"><span class='ocrx_word' id='word_1_122' title='bbox 105 1833 211 1914; x_wconf 71' lang='grc' dir='ltr'><strong><em>οὔρεϊ</em></strong></span> <span class='ocrx_word' id='word_1_123' title='bbox 228 1831 411 1913; x_wconf 77' lang='grc' dir='ltr'><strong><em>προσέπεσε.</em></strong></span> <span class='ocrx_word' id='word_1_124' title='bbox 465 1831 527 1894; x_wconf 81' lang='grc' dir='ltr'><strong>τάν</strong></span> <span class='ocrx_word' id='word_1_125' title='bbox 556 1827 632 1910; x_wconf 78' lang='grc' dir='ltr'><strong><em>γοῦν</em></strong></span> <span class='ocrx_word' id='word_1_126' title='bbox 653 1823 843 1911; x_wconf 76' lang='grc' dir='ltr'><strong><em>ἀλλοφύλων</em></strong></span> <span class='ocrx_word' id='word_1_127' title='bbox 862 1825 1074 1906; x_wconf 71' lang='grc' dir='ltr'><strong><em>ἐκπλαγέντων</em></strong></span> <span class='ocrx_word' id='word_1_128' title='bbox 1093 1820 1155 1908; x_wconf 81' lang='grc' dir='ltr'><strong>ἔφη</strong></span> <span class='ocrx_word' id='word_1_129' title='bbox 1175 1819 1235 1902; x_wconf 80' lang='lat' dir='ltr'><strong>„osi</strong></span> 
     </span>
     <span class='ocr_line' id='line_1_17' title="bbox 154 1919 1234 2011; baseline -0.006 -20"><span class='ocrx_word' id='word_1_130' title='bbox 154 1922 211 1992; x_wconf 87' lang='grc' dir='ltr'><strong>τάν</strong></span> <span class='ocrx_word' id='word_1_131' title='bbox 238 1927 326 2011; x_wconf 75' lang='grc' dir='ltr'><strong><em>ἱερέα</em></strong></span> <span class='ocrx_word' id='word_1_132' title='bbox 357 1931 540 2010; x_wconf 73' lang='grc' dir='ltr'><strong><em>προσκυνῶ,</em></strong></span> <span class='ocrx_word' id='word_1_133' title='bbox 567 1925 646 1990; x_wconf 84' lang='grc' dir='ltr'><strong><em>άλλά</em></strong></span> <span class='ocrx_word' id='word_1_134' title='bbox 678 1923 731 1990; x_wconf 83' lang='grc' dir='ltr'><strong>τὸν</strong></span> <span class='ocrx_word' id='word_1_135' title='bbox 750 1923 803 1987; x_wconf 84' lang='lat' dir='ltr'><strong>s‘us’</strong></span> <span class='ocrx_word' id='word_1_136' title='bbox 826 1924 929 1988; x_wconf 80' lang='grc' dir='ltr'><strong><em>αύτού</em></strong></span> <span class='ocrx_word' id='word_1_137' title='bbox 948 1922 1122 2003; x_wconf 73' lang='grc' dir='ltr'><strong><em>τιμώμενον</em></strong></span> <span class='ocrx_word' id='word_1_138' title='bbox 1139 1919 1234 1985; x_wconf 74' lang='grc' dir='ltr'><strong><em>θεάν·</em></strong></span> 
     </span>
     <span class='ocr_line' id='line_1_18' title="bbox 153 2015 1237 2112; baseline -0.007 -22"><span class='ocrx_word' id='word_1_139' title='bbox 153 2025 282 2112; x_wconf 72' lang='grc' dir='ltr'><strong><em>τοιαύτην</em></strong></span> <span class='ocrx_word' id='word_1_140' title='bbox 298 2023 360 2110; x_wconf 86' lang='grc' dir='ltr'><strong>γάρ</strong></span> <span class='ocrx_word' id='word_1_141' title='bbox 384 2015 526 2110; x_wconf 76' lang='grc' dir='ltr'><strong><em>σχήματι</em></strong></span> <span class='ocrx_word' id='word_1_142' title='bbox 548 2024 603 2104; x_wconf 77' lang='grc' dir='ltr'><strong>καί</strong></span> <span class='ocrx_word' id='word_1_143' title='bbox 622 2019 776 2089; x_wconf 72' lang='grc' dir='ltr'><strong><em>τὸνθεόν</em></strong></span> <span class='ocrx_word' id='word_1_144' title='bbox 797 2017 881 2087; x_wconf 76' lang='grc' dir='ltr'><strong><em>εἶδον</em></strong></span> <span class='ocrx_word' id='word_1_145' title='bbox 901 2019 982 2087; x_wconf 88' lang='grc' dir='ltr'><strong><em>κατά</em></strong></span> <span class='ocrx_word' id='word_1_146' title='bbox 998 2023 1135 2104; x_wconf 75' lang='grc' dir='ltr'><strong><em>Περσῶν</em></strong></span> <span class='ocrx_word' id='word_1_147' title='bbox 1155 2025 1237 2102; x_wconf 74' lang='grc' dir='ltr'><strong><em>θαρ-</em></strong></span> 
     </span>
     <span class='ocr_line' id='line_1_19' title="bbox 156 2115 1269 2213; baseline -0.007 -26"><span class='ocrx_word' id='word_1_148' title='bbox 156 2122 294 2208; x_wconf 87' lang='grc' dir='ltr'><strong><em>ρύναντά</em></strong></span> <span class='ocrx_word' id='word_1_149' title='bbox 323 2130 397 2210; x_wconf 85' lang='grc' dir='ltr'><strong><em>με.”</em></strong></span> <span class='ocrx_word' id='word_1_150' title='bbox 453 2125 504 2212; x_wconf 79' lang='grc' dir='ltr'><strong>ἐφ’</strong></span> <span class='ocrx_word' id='word_1_151' title='bbox 532 2115 559 2213; x_wconf 73' lang='grc' dir='ltr'><em>ᾦ</em></span> <span class='ocrx_word' id='word_1_152' title='bbox 590 2125 644 2189; x_wconf 86' lang='grc' dir='ltr'><strong>καί</strong></span> <span class='ocrx_word' id='word_1_153' title='bbox 667 2123 789 2187; x_wconf 79' lang='grc' dir='ltr'><strong><em>θυσίαν</em></strong></span> <span class='ocrx_word' id='word_1_154' title='bbox 816 2123 916 2186; x_wconf 71' lang='grc' dir='ltr'><strong><em>ἐκεῖσε</em></strong></span> <span class='ocrx_word' id='word_1_155' title='bbox 947 2120 991 2207; x_wconf 78' lang='grc' dir='ltr'><strong><em>τῷ</em></strong></span> <span class='ocrx_word' id='word_1_156' title='bbox 1019 2123 1085 2207; x_wconf 75' lang='grc' dir='ltr'><strong>θεῷ</strong></span> <span class='ocrx_word' id='word_1_157' title='bbox 1117 2115 1269 2206; x_wconf 60' lang='lat' dir='ltr'><strong>apomidi</strong></span> 
     </span>
     <span class='ocr_line' id='line_1_20' title="bbox 156 2243 272 2306; baseline 0.017 -21"><span class='ocrx_word' id='word_1_158' title='bbox 156 2243 272 2306; x_wconf 86' lang='grc' dir='ltr'><strong><em>νεγκεν.</em></strong></span> 
     </span>
    </p>
   </div>
   <div class='ocr_carea' id='block_1_3' title="bbox 106 2313 1241 2506">
    <p class='ocr_par' dir='ltr' id='par_1_6' title="bbox 106 2313 1241 2506">
     <span class='ocr_line' id='line_1_21' title="bbox 106 2313 1239 2407; baseline -0.009 -19"><span class='ocrx_word' id='word_1_159' title='bbox 106 2344 149 2390; x_wconf 78' lang='lat' dir='ltr'><strong>ao</strong></span> <span class='ocrx_word' id='word_1_160' title='bbox 242 2313 344 2398; x_wconf 83' lang='grc' dir='ltr'><strong><em>Ούτος</em></strong></span> <span class='ocrx_word' id='word_1_161' title='bbox 363 2324 422 2405; x_wconf 76' lang='grc' dir='ltr'><strong><em>μὲν</em></strong></span> <span class='ocrx_word' id='word_1_162' title='bbox 441 2314 497 2388; x_wconf 82' lang='grc' dir='ltr'><strong><em>ούν</em></strong></span> <span class='ocrx_word' id='word_1_163' title='bbox 516 2321 572 2388; x_wconf 84' lang='grc' dir='ltr'><strong>καί</strong></span> <span class='ocrx_word' id='word_1_164' title='bbox 587 2318 670 2386; x_wconf 80' lang='grc' dir='ltr'><strong><em>πάνυ</em></strong></span> <span class='ocrx_word' id='word_1_165' title='bbox 689 2323 800 2407; x_wconf 78' lang='grc' dir='ltr'><strong><em>σοφάς</em></strong></span> <span class='ocrx_word' id='word_1_166' title='bbox 812 2315 868 2384; x_wconf 84' lang='grc' dir='ltr'><strong>καί</strong></span> <span class='ocrx_word' id='word_1_167' title='bbox 886 2313 1075 2404; x_wconf 66' lang='grc' dir='ltr'><strong><em>εὐμηχάνως</em></strong></span> <span class='ocrx_word' id='word_1_168' title='bbox 1093 2318 1239 2402; x_wconf 70' lang='grc' dir='ltr'><strong><em>ἐχειροῦ-</em></strong></span> 
     </span>
     <span class='ocr_line' id='line_1_22' title="bbox 159 2414 1241 2506; baseline -0.006 -20"><span class='ocrx_word' id='word_1_169' title='bbox 159 2443 194 2486; x_wconf 87' lang='grc' dir='ltr'><strong>το</strong></span> <span class='ocrx_word' id='word_1_170' title='bbox 215 2419 254 2488; x_wconf 87' lang='grc' dir='ltr'><strong><em>τά</em></strong></span> <span class='ocrx_word' id='word_1_171' title='bbox 275 2419 378 2488; x_wconf 80' lang='grc' dir='ltr'><strong><em>πάντα</em></strong></span> <span class='ocrx_word' id='word_1_172' title='bbox 393 2419 408 2464; x_wconf 85' lang='lat'><strong>·&#39;</strong></span> <span class='ocrx_word' id='word_1_173' title='bbox 445 2418 687 2505; x_wconf 79' lang='grc' dir='ltr'><strong><em>μετενίυάμουος</em></strong></span> <span class='ocrx_word' id='word_1_174' title='bbox 706 2418 768 2506; x_wconf 90' lang='grc' dir='ltr'><strong>γάρ</strong></span> <span class='ocrx_word' id='word_1_175' title='bbox 792 2416 955 2506; x_wconf 74' lang='grc' dir='ltr'><strong><em>εἰσήρχετο</em></strong></span> <span class='ocrx_word' id='word_1_176' title='bbox 979 2418 1165 2501; x_wconf 82' lang='grc' dir='ltr'><strong><em>τιανταχού,</em></strong></span> <span class='ocrx_word' id='word_1_177' title='bbox 1185 2414 1241 2480; x_wconf 83' lang='grc' dir='ltr'><strong>καί</strong></span> 
     </span>
    </p>
   </div>
   <div class='ocr_carea' id='block_1_4' title="bbox 158 2660 1287 4214">
    <p class='ocr_par' dir='ltr' id='par_1_7' title="bbox 158 2660 1287 4070">
     <span class='ocr_line' id='line_1_23' title="bbox 232 2660 1241 2732; baseline -0.002 -18"><span class='ocrx_word' id='word_1_178' title='bbox 232 2662 292 2732; x_wconf 85' lang='lat' dir='ltr'><strong>Quo</strong></span> <span class='ocrx_word' id='word_1_179' title='bbox 321 2672 441 2732; x_wconf 89' lang='lat' dir='ltr'><strong>tempore</strong></span> <span class='ocrx_word' id='word_1_180' title='bbox 469 2663 540 2714; x_wconf 88' lang='lat' dir='ltr'><strong>iilius</strong></span> <span class='ocrx_word' id='word_1_181' title='bbox 558 2662 714 2716; x_wconf 78' lang='lat' dir='ltr'><strong>Artaxerxis</strong></span> <span class='ocrx_word' id='word_1_182' title='bbox 739 2660 829 2714; x_wconf 83' lang='lat' dir='ltr'><strong>Ochus</strong></span> <span class='ocrx_word' id='word_1_183' title='bbox 846 2660 996 2731; x_wconf 75' lang='lat' dir='ltr'><strong>Aegyptum</strong></span> <span class='ocrx_word' id='word_1_184' title='bbox 1018 2661 1174 2730; x_wconf 86' lang='lat' dir='ltr'><strong>occupavit,</strong></span> <span class='ocrx_word' id='word_1_185' title='bbox 1193 2675 1241 2712; x_wconf 80' lang='lat' dir='ltr'><strong>rex</strong></span> 
     </span>
     <span class='ocr_line' id='line_1_24' title="bbox 162 2731 1241 2802; baseline -0.003 -17"><span class='ocrx_word' id='word_1_186' title='bbox 162 2733 309 2802; x_wconf 78' lang='lat' dir='ltr'><strong>Aegyptius</strong></span> <span class='ocrx_word' id='word_1_187' title='bbox 319 2732 474 2785; x_wconf 81' lang='lat' dir='ltr'><strong>Nectenabo</strong></span> <span class='ocrx_word' id='word_1_188' title='bbox 490 2741 565 2786; x_wconf 80' lang='lat' dir='ltr'><strong>veste</strong></span> <span class='ocrx_word' id='word_1_189' title='bbox 586 2739 762 2795; x_wconf 85' lang='lat' dir='ltr'><strong>commutata,</strong></span> <span class='ocrx_word' id='word_1_190' title='bbox 778 2734 808 2784; x_wconf 92' lang='lat' dir='ltr'><strong>in</strong></span> <span class='ocrx_word' id='word_1_191' title='bbox 823 2731 1010 2784; x_wconf 80' lang='lat' dir='ltr'><strong>Macedoniam</strong></span> <span class='ocrx_word' id='word_1_192' title='bbox 1025 2731 1139 2800; x_wconf 76' lang='lat' dir='ltr'><strong>aufugit,</strong></span> <span class='ocrx_word' id='word_1_193' title='bbox 1156 2747 1241 2799; x_wconf 86' lang='lat' dir='ltr'><strong>quum</strong></span> 
     </span>
     <span class='ocr_line' id='line_1_25' title="bbox 159 2801 1242 2874; baseline -0.004 -18"><span class='ocrx_word' id='word_1_194' title='bbox 159 2813 240 2856; x_wconf 81' lang='lat' dir='ltr'><strong>entes</strong></span> <span class='ocrx_word' id='word_1_195' title='bbox 259 2820 308 2873; x_wconf 88' lang='lat' dir='ltr'><strong>per</strong></span> <span class='ocrx_word' id='word_1_196' title='bbox 324 2804 566 2872; x_wconf 35' lang='lat' dir='ltr'><strong>&#39;vadciuationem</strong></span> <span class='ocrx_word' id='word_1_197' title='bbox 584 2819 654 2874; x_wconf 84' lang='lat' dir='ltr'><strong>quas</strong></span> <span class='ocrx_word' id='word_1_198' title='bbox 673 2803 748 2872; x_wconf 83' lang='lat' dir='ltr'><strong>pelvi</strong></span> <span class='ocrx_word' id='word_1_199' title='bbox 772 2802 844 2855; x_wconf 85' lang='lat' dir='ltr'><strong>solet</strong></span> <span class='ocrx_word' id='word_1_200' title='bbox 862 2802 941 2865; x_wconf 86' lang='lat' dir='ltr'><strong>lieri,</strong></span> <span class='ocrx_word' id='word_1_201' title='bbox 959 2802 1080 2854; x_wconf 76' lang='lat' dir='ltr'><strong>futurum</strong></span> <span class='ocrx_word' id='word_1_202' title='bbox 1101 2801 1242 2869; x_wconf 76' lang='lat' dir='ltr'><strong>cognoris-</strong></span> 
     </span>
     <span class='ocr_line' id='line_1_26' title="bbox 159 2871 1243 2944; baseline -0.004 -18"><span class='ocrx_word' id='word_1_203' title='bbox 159 2884 202 2927; x_wconf 89' lang='lat' dir='ltr'><strong>sct</strong></span> <span class='ocrx_word' id='word_1_204' title='bbox 219 2883 251 2926; x_wconf 92' lang='lat' dir='ltr'><strong>ut</strong></span> <span class='ocrx_word' id='word_1_205' title='bbox 267 2876 402 2944; x_wconf 75' lang='lat' dir='ltr'><strong>Aegyptus</strong></span> <span class='ocrx_word' id='word_1_206' title='bbox 420 2875 449 2926; x_wconf 89' lang='lat' dir='ltr'><strong>in</strong></span> <span class='ocrx_word' id='word_1_207' title='bbox 466 2872 585 2926; x_wconf 89' lang='lat' dir='ltr'><strong>hostium</strong></span> <span class='ocrx_word' id='word_1_208' title='bbox 602 2881 765 2944; x_wconf 88' lang='lat' dir='ltr'><strong>potestatem</strong></span> <span class='ocrx_word' id='word_1_209' title='bbox 780 2873 893 2924; x_wconf 80' lang='lat' dir='ltr'><strong>reniret</strong></span> <span class='ocrx_word' id='word_1_210' title='bbox 913 2880 1029 2941; x_wconf 82' lang='lat' dir='ltr'><strong>eumq&#39;ue</strong></span> <span class='ocrx_word' id='word_1_211' title='bbox 1046 2887 1096 2943; x_wconf 73' lang='lat' dir='ltr'><strong>per</strong></span> <span class='ocrx_word' id='word_1_212' title='bbox 1113 2871 1243 2939; x_wconf 86' lang='lat' dir='ltr'><strong>quasdam</strong></span> 
     </span>
     <span class='ocr_line' id='line_1_27' title="bbox 160 2940 1287 3015; baseline -0.005 -18"><span class='ocrx_word' id='word_1_213' title='bbox 160 2946 317 3015; x_wconf 81' lang='lat' dir='ltr'><strong>praestigias</strong></span> <span class='ocrx_word' id='word_1_214' title='bbox 336 2944 462 3014; x_wconf 84' lang='lat' dir='ltr'><strong>Philippo</strong></span> <span class='ocrx_word' id='word_1_215' title='bbox 490 2945 545 3012; x_wconf 78' lang='lat' dir='ltr'><strong>regi</strong></span> <span class='ocrx_word' id='word_1_216' title='bbox 565 2952 594 2996; x_wconf 88' lang='lat' dir='ltr'><strong>et</strong></span> <span class='ocrx_word' id='word_1_217' title='bbox 613 2943 770 3013; x_wconf 77' lang='lat' dir='ltr'>Olympiadi</span> <span class='ocrx_word' id='word_1_218' title='bbox 796 2944 903 3012; x_wconf 75' lang='lat' dir='ltr'><strong>coniugi</strong></span> <span class='ocrx_word' id='word_1_219' title='bbox 922 2944 979 2994; x_wconf 89' lang='lat' dir='ltr'><strong>eius</strong></span> <span class='ocrx_word' id='word_1_220' title='bbox 997 2942 1178 3002; x_wconf 66' lang='lat' dir='ltr'><strong>innotuisset,</strong></span> <span class='ocrx_word' id='word_1_221' title='bbox 1196 2957 1243 2992; x_wconf 82' lang='lat' dir='ltr'><strong>oo·</strong></span> <span class='ocrx_word' id='word_1_222' title='bbox 1283 2940 1287 2946; x_wconf 81' lang='grc'><strong>’</strong></span> 
     </span>
     <span class='ocr_line' id='line_1_28' title="bbox 160 3001 1244 3068; baseline -0.004 0"><span class='ocrx_word' id='word_1_223' title='bbox 160 3016 240 3068; x_wconf 87' lang='lat' dir='ltr'><strong>cultis</strong></span> <span class='ocrx_word' id='word_1_224' title='bbox 267 3013 513 3067; x_wconf 74' lang='lat' dir='ltr'><strong>machinationibus</strong></span> <span class='ocrx_word' id='word_1_225' title='bbox 544 3001 670 3066; x_wconf 77' lang='lat' dir='ltr'><strong>luitivam</strong></span> <span class='ocrx_word' id='word_1_226' title='bbox 700 3031 760 3064; x_wconf 91' lang='lat' dir='ltr'><strong>cum</strong></span> <span class='ocrx_word' id='word_1_227' title='bbox 792 3030 824 3064; x_wconf 89' lang='lat' dir='ltr'><strong>sa</strong></span> <span class='ocrx_word' id='word_1_228' title='bbox 851 3012 1075 3065; x_wconf 82' lang='lat' dir='ltr'><strong>consuetudinem</strong></span> <span class='ocrx_word' id='word_1_229' title='bbox 1100 3010 1198 3062; x_wconf 83' lang='lat' dir='ltr'><strong>hebuit</strong></span> <span class='ocrx_word' id='word_1_230' title='bbox 1214 3019 1244 3064; x_wconf 89' lang='lat' dir='ltr'><strong>et</strong></span> 
     </span>
     <span class='ocr_line' id='line_1_29' title="bbox 159 3081 1245 3155; baseline -0.006 -17"><span class='ocrx_word' id='word_1_231' title='bbox 159 3085 342 3138; x_wconf 75' lang='lat' dir='ltr'><strong>Alexandrum</strong></span> <span class='ocrx_word' id='word_1_232' title='bbox 357 3085 514 3155; x_wconf 83' lang='lat' dir='ltr'><strong>procreavit.</strong></span> <span class='ocrx_word' id='word_1_233' title='bbox 551 3083 693 3154; x_wconf 84' lang='lat' dir='ltr'><strong>Phiiippus</strong></span> <span class='ocrx_word' id='word_1_234' title='bbox 710 3084 889 3136; x_wconf 77' lang='lat' dir='ltr'><strong>Macedonum</strong></span> <span class='ocrx_word' id='word_1_235' title='bbox 907 3099 988 3152; x_wconf 84' lang='lat' dir='ltr'><strong>regno</strong></span> <span class='ocrx_word' id='word_1_236' title='bbox 1005 3081 1245 3153; x_wconf 69' lang='lat' dir='ltr'><strong>potitus,Thm</strong></span> 
     </span>
     <span class='ocr_line' id='line_1_30' title="bbox 159 3153 1245 3225; baseline -0.006 -17"><span class='ocrx_word' id='word_1_237' title='bbox 159 3155 198 3208; x_wconf 86' lang='lat' dir='ltr'><strong>lia</strong></span> <span class='ocrx_word' id='word_1_238' title='bbox 216 3157 333 3225; x_wconf 89' lang='lat' dir='ltr'><strong>imperio</strong></span> <span class='ocrx_word' id='word_1_239' title='bbox 350 3155 473 3218; x_wconf 80' lang='lat' dir='ltr'><strong>adicem,</strong></span> <span class='ocrx_word' id='word_1_240' title='bbox 492 3154 586 3206; x_wconf 90' lang='lat' dir='ltr'><strong>urbem</strong></span> <span class='ocrx_word' id='word_1_241' title='bbox 603 3156 632 3206; x_wconf 89' lang='lat' dir='ltr'><strong>in</strong></span> <span class='ocrx_word' id='word_1_242' title='bbox 651 3172 683 3207; x_wconf 86' lang='lat' dir='ltr'><strong>ea</strong></span> <span class='ocrx_word' id='word_1_243' title='bbox 701 3154 839 3219; x_wconf 80' lang='lat' dir='ltr'><strong>condidit,</strong></span> <span class='ocrx_word' id='word_1_244' title='bbox 860 3171 940 3225; x_wconf 84' lang='lat' dir='ltr'><strong>quam</strong></span> <span class='ocrx_word' id='word_1_245' title='bbox 958 3153 1178 3207; x_wconf 76' lang='lat' dir='ltr'><strong>Thessalonicam</strong></span> <span class='ocrx_word' id='word_1_246' title='bbox 1196 3168 1245 3221; x_wconf 86' lang='lat' dir='ltr'><strong>sp·</strong></span> 
     </span>
     <span class='ocr_line' id='line_1_31' title="bbox 159 3221 1246 3296; baseline -0.004 -18"><span class='ocrx_word' id='word_1_247' title='bbox 159 3227 281 3296; x_wconf 82' lang='lat' dir='ltr'><strong>pellavit.</strong></span> <span class='ocrx_word' id='word_1_248' title='bbox 299 3228 325 3278; x_wconf 90' lang='lat' dir='ltr'><strong>ei</strong></span> <span class='ocrx_word' id='word_1_249' title='bbox 343 3228 472 3278; x_wconf 86' lang='lat' dir='ltr'><strong>suecessit</strong></span> <span class='ocrx_word' id='word_1_250' title='bbox 488 3225 659 3290; x_wconf 79' lang='lat' dir='ltr'><strong>Alexander,</strong></span> <span class='ocrx_word' id='word_1_251' title='bbox 684 3225 732 3295; x_wconf 88' lang='lat' dir='ltr'><strong>qui</strong></span> <span class='ocrx_word' id='word_1_252' title='bbox 750 3243 811 3276; x_wconf 90' lang='lat' dir='ltr'><strong>cum</strong></span> <span class='ocrx_word' id='word_1_253' title='bbox 829 3225 955 3278; x_wconf 83' lang='lat' dir='ltr'><strong>adsersus</strong></span> <span class='ocrx_word' id='word_1_254' title='bbox 972 3227 1064 3276; x_wconf 80' lang='lat' dir='ltr'><strong>Persas</strong></span> <span class='ocrx_word' id='word_1_255' title='bbox 1081 3233 1164 3292; x_wconf 85' lang='lat' dir='ltr'><strong>utque</strong></span> <span class='ocrx_word' id='word_1_256' title='bbox 1184 3221 1246 3274; x_wconf 79' lang='lat' dir='ltr'><strong>Me-</strong></span> 
     </span>
     <span class='ocr_line' id='line_1_32' title="bbox 161 3293 1245 3367; baseline -0.006 -19"><span class='ocrx_word' id='word_1_257' title='bbox 161 3297 209 3349; x_wconf 90' lang='lat' dir='ltr'><strong>dos</strong></span> <span class='ocrx_word' id='word_1_258' title='bbox 242 3295 444 3367; x_wconf 79' lang='lat' dir='ltr'><strong>expeditionem</strong></span> <span class='ocrx_word' id='word_1_259' title='bbox 477 3297 652 3365; x_wconf 85' lang='lat' dir='ltr'><strong>suscepisset,</strong></span> <span class='ocrx_word' id='word_1_260' title='bbox 678 3313 695 3347; x_wconf 90' lang='lat' dir='ltr'><strong>s</strong></span> <span class='ocrx_word' id='word_1_261' title='bbox 712 3296 820 3348; x_wconf 88' lang='lat' dir='ltr'><strong>Iudaeis</strong></span> <span class='ocrx_word' id='word_1_262' title='bbox 838 3296 920 3366; x_wconf 91' lang='lat' dir='ltr'><strong>petiit</strong></span> <span class='ocrx_word' id='word_1_263' title='bbox 937 3304 969 3348; x_wconf 92' lang='lat' dir='ltr'><strong>ut</strong></span> <span class='ocrx_word' id='word_1_264' title='bbox 985 3295 1040 3347; x_wconf 84' lang='lat' dir='ltr'><strong>sibi</strong></span> <span class='ocrx_word' id='word_1_265' title='bbox 1057 3294 1149 3364; x_wconf 86' lang='lat' dir='ltr'><strong>copias</strong></span> <span class='ocrx_word' id='word_1_266' title='bbox 1166 3293 1245 3343; x_wconf 86' lang='lat' dir='ltr'><strong>auxi-</strong></span> 
     </span>
     <span class='ocr_line' id='line_1_33' title="bbox 160 3361 1245 3436; baseline -0.003 -18"><span class='ocrx_word' id='word_1_267' title='bbox 160 3367 240 3420; x_wconf 82' lang='lat' dir='ltr'><strong>liares</strong></span> <span class='ocrx_word' id='word_1_268' title='bbox 259 3371 406 3420; x_wconf 89' lang='lat' dir='ltr'><strong>mitterent</strong></span> <span class='ocrx_word' id='word_1_269' title='bbox 435 3383 463 3419; x_wconf 91' lang='lat' dir='ltr'><strong>re</strong></span> <span class='ocrx_word' id='word_1_270' title='bbox 491 3383 546 3418; x_wconf 90' lang='lat' dir='ltr'><strong>non</strong></span> <span class='ocrx_word' id='word_1_271' title='bbox 565 3368 716 3435; x_wconf 77' lang='lat' dir='ltr'><strong>impetrata,</strong></span> <span class='ocrx_word' id='word_1_272' title='bbox 739 3366 813 3436; x_wconf 87' lang='lat' dir='ltr'><strong>quod</strong></span> <span class='ocrx_word' id='word_1_273' title='bbox 837 3367 880 3417; x_wconf 89' lang='lat' dir='ltr'><strong>illi</strong></span> <span class='ocrx_word' id='word_1_274' title='bbox 899 3365 1021 3418; x_wconf 82' lang='lat' dir='ltr'><strong>dicerent</strong></span> <span class='ocrx_word' id='word_1_275' title='bbox 1038 3381 1068 3418; x_wconf 91' lang='lat' dir='ltr'><strong>se</strong></span> <span class='ocrx_word' id='word_1_276' title='bbox 1085 3364 1168 3419; x_wconf 78' lang='lat' dir='ltr'><strong>Dario</strong></span> <span class='ocrx_word' id='word_1_277' title='bbox 1185 3361 1245 3415; x_wconf 83' lang='lat' dir='ltr'><strong>ioe-</strong></span> 
     </span>
     <span class='ocr_line' id='line_1_34' title="bbox 161 3435 1245 3507; baseline -0.003 -19"><span class='ocrx_word' id='word_1_278' title='bbox 161 3438 226 3490; x_wconf 82' lang='lat' dir='ltr'><strong>slere</strong></span> <span class='ocrx_word' id='word_1_279' title='bbox 246 3439 403 3490; x_wconf 85' lang='lat' dir='ltr'><strong>coniunctos</strong></span> <span class='ocrx_word' id='word_1_280' title='bbox 416 3454 483 3502; x_wconf 87' lang='lat' dir='ltr'><strong>esse,</strong></span> <span class='ocrx_word' id='word_1_281' title='bbox 504 3455 558 3507; x_wconf 89' lang='lat' dir='ltr'><strong>quo</strong></span> <span class='ocrx_word' id='word_1_282' title='bbox 576 3437 762 3488; x_wconf 80' lang='lat' dir='ltr'><strong>contineretur</strong></span> <span class='ocrx_word' id='word_1_283' title='bbox 774 3454 809 3490; x_wconf 87' lang='lat' dir='ltr'><strong>ne</strong></span> <span class='ocrx_word' id='word_1_284' title='bbox 821 3436 925 3489; x_wconf 88' lang='lat' dir='ltr'><strong>bellum</strong></span> <span class='ocrx_word' id='word_1_285' title='bbox 943 3437 1070 3490; x_wconf 85' lang='lat' dir='ltr'><strong>adversus</strong></span> <span class='ocrx_word' id='word_1_286' title='bbox 1091 3435 1180 3504; x_wconf 89' lang='lat' dir='ltr'><strong>ipsum</strong></span> <span class='ocrx_word' id='word_1_287' title='bbox 1197 3451 1245 3502; x_wconf 71' lang='lat' dir='ltr'><strong>ge-</strong></span> 
     </span>
     <span class='ocr_line' id='line_1_35' title="bbox 159 3505 1247 3576; baseline -0.003 -17"><span class='ocrx_word' id='word_1_288' title='bbox 159 3517 267 3570; x_wconf 88' lang='lat' dir='ltr'><strong>rerent,</strong></span> <span class='ocrx_word' id='word_1_289' title='bbox 287 3517 359 3560; x_wconf 84' lang='lat' dir='ltr'><strong>rectu</strong></span> <span class='ocrx_word' id='word_1_290' title='bbox 377 3510 406 3560; x_wconf 95' lang='lat' dir='ltr'><strong>in</strong></span> <span class='ocrx_word' id='word_1_291' title='bbox 434 3525 480 3560; x_wconf 89' lang='lat' dir='ltr'><strong>cos</strong></span> <span class='ocrx_word' id='word_1_292' title='bbox 500 3525 560 3560; x_wconf 91' lang='lat' dir='ltr'><strong>cum</strong></span> <span class='ocrx_word' id='word_1_293' title='bbox 578 3507 697 3559; x_wconf 81' lang='lat' dir='ltr'><strong>exercitu</strong></span> <span class='ocrx_word' id='word_1_294' title='bbox 723 3507 873 3559; x_wconf 88' lang='lat' dir='ltr'><strong>contendit.</strong></span> <span class='ocrx_word' id='word_1_295' title='bbox 892 3515 949 3558; x_wconf 89' lang='lat' dir='ltr'><strong>turn</strong></span> <span class='ocrx_word' id='word_1_296' title='bbox 965 3523 1029 3558; x_wconf 80' lang='lat' dir='ltr'><strong>vero</strong></span> <span class='ocrx_word' id='word_1_297' title='bbox 1048 3505 1172 3576; x_wconf 79' lang='lat' dir='ltr'><strong>pontifex</strong></span> <span class='ocrx_word' id='word_1_298' title='bbox 1188 3522 1247 3556; x_wconf 89' lang='lat' dir='ltr'><strong>ma·</strong></span> 
     </span>
     <span class='ocr_line' id='line_1_36' title="bbox 159 3575 1246 3632; baseline -0.002 -2"><span class='ocrx_word' id='word_1_299' title='bbox 159 3580 245 3630; x_wconf 83' lang='lat' dir='ltr'><strong>ximus</strong></span> <span class='ocrx_word' id='word_1_300' title='bbox 263 3580 372 3630; x_wconf 89' lang='lat' dir='ltr'><strong>terroris</strong></span> <span class='ocrx_word' id='word_1_301' title='bbox 396 3595 476 3630; x_wconf 78' lang='lat' dir='ltr'><strong>causa</strong></span> <span class='ocrx_word' id='word_1_302' title='bbox 492 3587 593 3632; x_wconf 85' lang='lat' dir='ltr'><strong>vestem</strong></span> <span class='ocrx_word' id='word_1_303' title='bbox 616 3578 692 3629; x_wconf 86' lang='lat' dir='ltr'><strong>illam</strong></span> <span class='ocrx_word' id='word_1_304' title='bbox 712 3575 896 3629; x_wconf 80' lang='lat' dir='ltr'><strong>admirandam</strong></span> <span class='ocrx_word' id='word_1_305' title='bbox 914 3576 1024 3628; x_wconf 90' lang='lat' dir='ltr'><strong>iudutus</strong></span> <span class='ocrx_word' id='word_1_306' title='bbox 1047 3577 1163 3628; x_wconf 87' lang='lat' dir='ltr'><strong>occurrit</strong></span> <span class='ocrx_word' id='word_1_307' title='bbox 1180 3576 1246 3628; x_wconf 77' lang='lat' dir='ltr'><strong>Ale-</strong></span> 
     </span>
     <span class='ocr_line' id='line_1_37' title="bbox 159 3646 1247 3731; baseline -0.003 -29"><span class='ocrx_word' id='word_1_308' title='bbox 159 3647 279 3716; x_wconf 74' lang='lat' dir='ltr'><strong>xandr03</strong></span> <span class='ocrx_word' id='word_1_309' title='bbox 301 3651 349 3720; x_wconf 91' lang='lat' dir='ltr'><strong>qui</strong></span> <span class='ocrx_word' id='word_1_310' title='bbox 369 3648 514 3703; x_wconf 81' lang='lat' dir='ltr'><strong>formidine</strong></span> <span class='ocrx_word' id='word_1_311' title='bbox 532 3649 671 3718; x_wconf 87' lang='lat' dir='ltr'><strong>perculsus</strong></span> <span class='ocrx_word' id='word_1_312' title='bbox 692 3657 771 3701; x_wconf 86' lang='lat' dir='ltr'><strong>etex</strong></span> <span class='ocrx_word' id='word_1_313' title='bbox 793 3665 864 3718; x_wconf 87' lang='lat' dir='ltr'><strong>equo</strong></span> <span class='ocrx_word' id='word_1_314' title='bbox 883 3647 1008 3731; x_wconf 87' lang='lat' dir='ltr'><strong>delapsus</strong></span> <span class='ocrx_word' id='word_1_315' title='bbox 1028 3646 1063 3698; x_wconf 87' lang='lat' dir='ltr'><strong>ad</strong></span> <span class='ocrx_word' id='word_1_316' title='bbox 1074 3646 1158 3717; x_wconf 85' lang='lat' dir='ltr'><strong>pedes</strong></span> <span class='ocrx_word' id='word_1_317' title='bbox 1175 3663 1247 3716; x_wconf 88' lang='lat' dir='ltr'><strong>pon·</strong></span> 
     </span>
     <span class='ocr_line' id='line_1_38' title="bbox 160 3717 1247 3787; baseline -0.003 -16"><span class='ocrx_word' id='word_1_318' title='bbox 160 3719 240 3771; x_wconf 86' lang='lat' dir='ltr'><strong>tilicis</strong></span> <span class='ocrx_word' id='word_1_319' title='bbox 259 3719 368 3772; x_wconf 86' lang='lat' dir='ltr'><strong>accidit.</strong></span> <span class='ocrx_word' id='word_1_320' title='bbox 393 3719 515 3772; x_wconf 77' lang='lat' dir='ltr'><strong>adhunc</strong></span> <span class='ocrx_word' id='word_1_321' title='bbox 534 3735 589 3771; x_wconf 87' lang='lat' dir='ltr'><strong>rem</strong></span> <span class='ocrx_word' id='word_1_322' title='bbox 609 3735 669 3771; x_wconf 89' lang='lat' dir='ltr'><strong>cum</strong></span> <span class='ocrx_word' id='word_1_323' title='bbox 693 3718 815 3772; x_wconf 87' lang='lat' dir='ltr'><strong>homines</strong></span> <span class='ocrx_word' id='word_1_324' title='bbox 833 3727 956 3772; x_wconf 78' lang='lat' dir='ltr'><strong>extranei</strong></span> <span class='ocrx_word' id='word_1_325' title='bbox 973 3734 1133 3787; x_wconf 74' lang='lat' dir='ltr'><strong>magnopere</strong></span> <span class='ocrx_word' id='word_1_326' title='bbox 1151 3717 1247 3771; x_wconf 86' lang='lat' dir='ltr'><strong>obstu-</strong></span> 
     </span>
     <span class='ocr_line' id='line_1_39' title="bbox 158 3787 1246 3859; baseline -0.003 -17"><span class='ocrx_word' id='word_1_327' title='bbox 158 3798 320 3858; x_wconf 86' lang='lat' dir='ltr'><strong>pescerent,</strong></span> <span class='ocrx_word' id='word_1_328' title='bbox 338 3788 479 3859; x_wconf 84' lang='lat' dir='ltr'><strong>respondit</strong></span> <span class='ocrx_word' id='word_1_329' title='bbox 495 3789 647 3842; x_wconf 73' lang='lat' dir='ltr'><strong>Alexander</strong></span> <span class='ocrx_word' id='word_1_330' title='bbox 662 3806 718 3841; x_wconf 89' lang='lat' dir='ltr'><strong>non</strong></span> <span class='ocrx_word' id='word_1_331' title='bbox 736 3805 766 3840; x_wconf 89' lang='lat' dir='ltr'><strong>ss</strong></span> <span class='ocrx_word' id='word_1_332' title='bbox 793 3787 999 3857; x_wconf 74' lang='lat' dir='ltr'><strong>congenulando</strong></span> <span class='ocrx_word' id='word_1_333' title='bbox 1017 3789 1182 3841; x_wconf 81' lang='lat' dir='ltr'><strong>sacerdotem</strong></span> <span class='ocrx_word' id='word_1_334' title='bbox 1199 3805 1246 3841; x_wconf 82' lang='lat' dir='ltr'><strong>ve·</strong></span> 
     </span>
     <span class='ocr_line' id='line_1_40' title="bbox 159 3858 1246 3929; baseline -0.003 -17"><span class='ocrx_word' id='word_1_335' title='bbox 159 3860 268 3924; x_wconf 78' lang='lat' dir='ltr'><strong>uereri,</strong></span> <span class='ocrx_word' id='word_1_336' title='bbox 288 3859 337 3912; x_wconf 90' lang='lat' dir='ltr'><strong>sed</strong></span> <span class='ocrx_word' id='word_1_337' title='bbox 366 3860 468 3916; x_wconf 84' lang='lat' dir='ltr'><strong>cultum</strong></span> <span class='ocrx_word' id='word_1_338' title='bbox 496 3859 530 3912; x_wconf 86' lang='lat' dir='ltr'><strong>ab</strong></span> <span class='ocrx_word' id='word_1_339' title='bbox 547 3877 580 3913; x_wconf 89' lang='lat' dir='ltr'><strong>eo</strong></span> <span class='ocrx_word' id='word_1_340' title='bbox 599 3860 697 3924; x_wconf 88' lang='lat' dir='ltr'><strong>deum,</strong></span> <span class='ocrx_word' id='word_1_341' title='bbox 712 3876 793 3929; x_wconf 86' lang='lat' dir='ltr'><strong>quem</strong></span> <span class='ocrx_word' id='word_1_342' title='bbox 811 3858 942 3911; x_wconf 86' lang='lat' dir='ltr'><strong>eiusmodi</strong></span> <span class='ocrx_word' id='word_1_343' title='bbox 959 3858 1056 3911; x_wconf 84' lang='lat' dir='ltr'><strong>habitu</strong></span> <span class='ocrx_word' id='word_1_344' title='bbox 1076 3859 1246 3929; x_wconf 82' lang='lat' dir='ltr'><strong>conspexerit</strong></span> 
     </span>
     <span class='ocr_line' id='line_1_41' title="bbox 160 3928 1247 4000; baseline -0.003 -18"><span class='ocrx_word' id='word_1_345' title='bbox 160 3945 189 3982; x_wconf 89' lang='lat' dir='ltr'><strong>se</strong></span> <span class='ocrx_word' id='word_1_346' title='bbox 208 3939 302 3983; x_wconf 83' lang='lat' dir='ltr'><strong>contra</strong></span> <span class='ocrx_word' id='word_1_347' title='bbox 319 3932 410 3984; x_wconf 81' lang='lat' dir='ltr'><strong>Persas</strong></span> <span class='ocrx_word' id='word_1_348' title='bbox 429 3931 600 4000; x_wconf 73' lang='lat' dir='ltr'><strong>instigantem</strong></span> <span class='ocrx_word' id='word_1_349' title='bbox 618 3939 647 3983; x_wconf 90' lang='lat' dir='ltr'><strong>et</strong></span> <span class='ocrx_word' id='word_1_350' title='bbox 664 3932 836 3982; x_wconf 78' lang='lat' dir='ltr'><strong>animantem.</strong></span> <span class='ocrx_word' id='word_1_351' title='bbox 852 3929 922 3982; x_wconf 78' lang='lat' dir='ltr'><strong>lianc</strong></span> <span class='ocrx_word' id='word_1_352' title='bbox 935 3928 970 3980; x_wconf 88' lang='lat' dir='ltr'><strong>ob</strong></span> <span class='ocrx_word' id='word_1_353' title='bbox 982 3945 1089 3982; x_wconf 86' lang='lat' dir='ltr'><strong>csusam</strong></span> <span class='ocrx_word' id='word_1_354' title='bbox 1106 3929 1158 3982; x_wconf 90' lang='lat' dir='ltr'><strong>deo</strong></span> <span class='ocrx_word' id='word_1_355' title='bbox 1177 3946 1247 3999; x_wconf 89' lang='lat' dir='ltr'><strong>quo·</strong></span> 
     </span>
     <span class='ocr_line' id='line_1_42' title="bbox 160 4001 716 4070; baseline 0 -17"><span class='ocrx_word' id='word_1_356' title='bbox 160 4005 215 4070; x_wconf 79' lang='lat' dir='ltr'><strong>&#39;que</strong></span> <span class='ocrx_word' id='word_1_357' title='bbox 238 4017 294 4054; x_wconf 85' lang='lat' dir='ltr'><strong>rem</strong></span> <span class='ocrx_word' id='word_1_358' title='bbox 310 4018 412 4054; x_wconf 80' lang='lat' dir='ltr'><strong>sacram</strong></span> <span class='ocrx_word' id='word_1_359' title='bbox 429 4001 621 4068; x_wconf 80' lang='lat' dir='ltr'><strong>Hierosolymis</strong></span> <span class='ocrx_word' id='word_1_360' title='bbox 641 4001 716 4053; x_wconf 81' lang='lat' dir='ltr'><strong>fecit.</strong></span> 
     </span>
    </p>

    <p class='ocr_par' dir='ltr' id='par_1_8' title="bbox 161 4068 1246 4214">
     <span class='ocr_line' id='line_1_43' title="bbox 231 4068 1245 4142; baseline -0.004 -20"><span class='ocrx_word' id='word_1_361' title='bbox 231 4071 328 4140; x_wconf 77' lang='lat' dir='ltr'><strong>ltaque</strong></span> <span class='ocrx_word' id='word_1_362' title='bbox 342 4071 470 4142; x_wconf 89' lang='lat' dir='ltr'><strong>deinceps</strong></span> <span class='ocrx_word' id='word_1_363' title='bbox 481 4070 629 4142; x_wconf 90' lang='lat' dir='ltr'><strong>prudenter</strong></span> <span class='ocrx_word' id='word_1_364' title='bbox 647 4070 791 4123; x_wconf 89' lang='lat' dir='ltr'><strong>admodum</strong></span> <span class='ocrx_word' id='word_1_365' title='bbox 808 4087 840 4121; x_wconf 78' lang='lat' dir='ltr'><strong>sc</strong></span> <span class='ocrx_word' id='word_1_366' title='bbox 857 4070 981 4123; x_wconf 88' lang='lat' dir='ltr'><strong>sollerter</strong></span> <span class='ocrx_word' id='word_1_367' title='bbox 997 4069 1138 4139; x_wconf 83' lang='lat' dir='ltr'><strong>occupavit</strong></span> <span class='ocrx_word' id='word_1_368' title='bbox 1147 4068 1245 4120; x_wconf 83' lang='lat' dir='ltr'><strong>omnia.</strong></span> 
     </span>
     <span class='ocr_line' id='line_1_44' title="bbox 161 4140 1246 4214; baseline -0.004 -22"><span class='ocrx_word' id='word_1_369' title='bbox 161 4156 223 4194; x_wconf 80' lang='lat' dir='ltr'><strong>nam</strong></span> <span class='ocrx_word' id='word_1_370' title='bbox 240 4151 315 4194; x_wconf 80' lang='lat' dir='ltr'><strong>reste</strong></span> <span class='ocrx_word' id='word_1_371' title='bbox 331 4151 434 4196; x_wconf 72' lang='lat' dir='ltr'><strong>mittete</strong></span> <span class='ocrx_word' id='word_1_372' title='bbox 451 4159 480 4198; x_wconf 79' lang='lat' dir='ltr'><strong>se</strong></span> <span class='ocrx_word' id='word_1_373' title='bbox 500 4143 611 4214; x_wconf 75' lang='lat' dir='ltr'><strong>quaevis</strong></span> <span class='ocrx_word' id='word_1_374' title='bbox 631 4141 665 4196; x_wconf 84' lang='lat' dir='ltr'><strong>ad</strong></span> <span class='ocrx_word' id='word_1_375' title='bbox 684 4143 742 4195; x_wconf 90' lang='lat' dir='ltr'><strong>loca</strong></span> <span class='ocrx_word' id='word_1_376' title='bbox 757 4141 928 4206; x_wconf 77' lang='lat' dir='ltr'><strong>conterebat,</strong></span> <span class='ocrx_word' id='word_1_377' title='bbox 953 4150 983 4194; x_wconf 89' lang='lat' dir='ltr'><strong>et</strong></span> <span class='ocrx_word' id='word_1_378' title='bbox 1000 4141 1103 4194; x_wconf 83' lang='lat' dir='ltr'><strong>cunctis</strong></span> <span class='ocrx_word' id='word_1_379' title='bbox 1121 4140 1246 4209; x_wconf 83' lang='lat' dir='ltr'><strong>explora-</strong></span> 
     </span>
    </p>
   </div>
   <div class='ocr_carea' id='block_1_5' title="bbox 0 0 1388 4617">
    <p class='ocr_par' dir='ltr' id='par_1_9' title="bbox 0 0 1388 4617">
     <span class='ocr_line' id='line_1_45' title="bbox 0 0 1388 4617; baseline 0 0"><span class='ocrx_word' id='word_1_380' title='bbox 0 0 1388 4617; x_wconf 95' lang='lat' dir='ltr'><strong> </strong></span> 
     </span>
    </p>
   </div>
  </div>
 </body>
</html>
