2742 4617
443 256 653 323 masalma
682 260 785 324 mas
815 266 868 324 ιι.
1097 232 1176 319 511

89 411 259 497 άημοτάν,
295 405 445 493 λεγόντων
468 410 587 495 „utto
616 412 661 487 εἰς
680 411 737 477 τάν
756 414 872 477 seiros
890 410 991 497 ἔκιες,
1011 414 1107 482 πάλιν
1127 414 1183 481 τάν

88 516 172 576 νοῦν
202 506 408 589 αἰτάλεσας,”
440 510 491 594 ἐφ’
515 498 539 597 ᾧ
562 509 616 575 καί
635 509 771 587 πολλοὺς
789 509 978 587 ἐθανάτωσε.
1016 518 1181 597 βλέποντες

87 604 155 675 σάν
176 607 206 676 οἱ
239 606 273 673 ἒν
300 610 381 673 τέλει
409 604 444 673 τά
474 610 536 673 τῶν
565 608 745 689 ἀνθρώπων
771 614 893 693 πλῆθος
922 610 1021 677 πολλά
1055 612 1182 697 πάσχον

87 706 195 774 κακά’
230 706 461 793 άρμευάμενσν,
494 705 552 784 τάς
569 705 711 791 κεφαλάς
735 706 992 791 άφαιρσάμενον,
1019 708 1181 796 γράφουσι

52 808 171 894 διερὸς
195 807 250 875 rtis
271 811 327 891 τῆς
348 806 498 892 Ἀζορικῆς
521 805 698 891 στρατηγόν
709 805 911 892 Ἡράκλειον,
931 812 988 875 καί
1005 808 1041 886 ὃς
1061 812 1180 875 ου’τάια

87 906 234 993 κινηθεὶς
255 907 367 973 στόλον
388 902 549 987 ἑτοιμάζοι
568 907 623 971 καί
641 903 721 971 κατά
741 910 800 973 τοῦ
820 910 920 973 unat
940 905 1086 995 ἔρχεται,
1119 913 1180 997 ρέ-

87 1032 159 1093 ρων
179 1010 234 1071 καί
251 1004 308 1091 raia
330 1005 568 1089 ἀχειροποίητον
596 1004 703 1071 εἰκόνα
731 1009 791 1070 τοῦ
811 1009 969 1085 Χριστοῦ.
1008 1009 1060 1093 tp·
1077 999 1107 1098 pl
1124 1010 1182 1075 καὶ

86 1109 232 1191 νενάιρκε
253 1103 306 1170 τὸν
333 1108 458 1169 mnata.
499 1102 555 1168 arai
584 1102 697 1169 rodaco
716 1100 875 1189 γεγονότος
895 1106 1053 1184 Φωτεινάς
1072 1132 1121 1184 τις
1142 1110 1212 1178 ian

87 1208 154 1271 sois
175 1206 369 1289 μεγιστάνων
397 1204 696 1286 προιοιβουλιυθείς
723 1202 811 1287 παρά
837 1208 896 1269 τοῦ
923 1208 1022 1273 Φωκά
1042 1208 1089 1283 εἰς
1118 1206 1178 1291 τὴν

31 1334 79 1376 no
90 1304 232 1388 σύζυγον
261 1302 363 1367 adasai
389 1302 535 1385 εἰσῆλθεν
563 1300 683 1383 ἀθρόον
714 1304 760 1378 εἷς
788 1300 824 1367 τὸ
845 1304 1019 1387 ααλάτισν,
1049 1308 1104 1371 καὶ
1121 1304 1178 1371 τάν

88 1404 227 1487 βασιλέα
249 1404 363 1467 uaeas
383 1404 503 1483 μέλανα
523 1402 710 1497 χιτωνίσκον
729 1403 864 1479 ἐκδύσας
883 1404 997 1468 adraim
1016 1407 1060 1493 τῷ
1075 1400 1177 1488 Ἡρα·

88 1503 184 1591 κλεάρ
210 1502 370 1587 προσάγει.
411 1499 470 1566 καί
488 1500 524 1577 ὃς
549 1498 612 1586 ἔφη
633 1499 713 1585 πρὸς
737 1499 835 1573 αάτάν
854 1498 977 1586 ,μάτας
998 1496 1090 1570 dailos
1116 1503 1178 1588 τήν

88 1603 182 1668 πόλιν
196 1598 390 1691 άιρὶκρσαςς”
410 1604 465 1665 καί
487 1596 503 1663 ri
529 1604 643 1675 Φακᾶς
662 1599 726 1683 „ori
748 1599 874 1665 κάλλιον
886 1603 1044 1685 διοικῆσαι
1059 1599 1177 1687 ἔχοιμ’·

89 1704 144 1788 ἐφ’
165 1693 192 1789 ᾧ
211 1700 266 1766 κατ’
283 1710 394 1785 χεῖρας
415 1701 536 1775 εὐθέως
558 1704 702 1781 τέμνεται
724 1699 779 1765 καί
799 1699 913 1782 πόδας,
933 1701 970 1766 τά
994 1704 1097 1787 δέρμα
1117 1705 1176 1786 τῆς

33 1802 79 1865 15
92 1798 238 1887 ῥάχεως,
269 1799 307 1865 τά
331 1802 456 1879 attera,
485 1802 540 1863 καά
566 1802 662 1887 κοντρῖ
691 1801 884 1881 α’ναρτάται,
914 1799 971 1865 καί
996 1808 1175 1868 τελευταῖον

88 1897 148 1983 τὴν
167 1896 308 1985 κεφαλήν
336 1894 521 1985 ἀφαιρεῖται
552 1900 709 1988 μαχαίρᾳ.
753 1896 789 1963 τά
818 1902 924 1981 μέντοι
949 1900 1043 1980 σῶμα
1073 1900 1176 1987 adsoni

89 1999 264 2085 συρόμενον
285 1996 366 2063 κατά
387 1996 445 2080 τὴν
462 2000 519 2062 τοῦ
541 1996 613 2078 βοὸς
634 1996 751 2081 ἀγοράν
770 1999 849 2081 τιυρά
866 2000 1090 2081 ιταραάιάοτσι.

170 2103 297 2181 Κρατεῖ
323 2091 380 2161 σάν
407 2093 624 2181 άἩράκλειυς
649 2097 732 2177 μετά
756 2099 871 2163 Φωκάν
892 2096 947 2183 ἔτι]
968 2096 1006 2164 i'.
1049 2089 1136 2174 οὗτος
1155 2100 1174 2165 d
1186 2119 1276 2196 ²²⁷⁶

81 2198 266 2282 Ἡράκλειος
288 2194 366 2282 τιρός
384 2220 419 2279 γε
438 2196 494 2262 τὸν
514 2200 572 2261 rori
593 2199 691 2261 Φωκά
708 2193 848 2280 γαμβρὸν
868 2200 1033 2281 Κρίσπον,
1056 2197 1168 2281 τιράττ.

32 2316 143 2385 ασρον
160 2300 220 2379 μὲν
239 2304 303 2371 τοῖς
323 2294 404 2361 κατά
427 2299 484 2360 rori
494 2298 592 2363 Φωκά
604 2298 851 2363 συνευδοκοῦντα
871 2290 1003 2383 ὕστερον
1024 2295 1168 2384 άάἮρά-

157 2498 181 2551 b.
203 2496 255 2551 τόν
272 2513 314 2549 om
331 2497 359 2549 P.

87 2668 130 2713 tor
148 2676 208 2709 cnm
226 2672 259 2708 eo
285 2656 330 2708 dis
348 2674 401 2726 quo
427 2656 485 2707 ludi
506 2666 642 2727 equestres
662 2657 875 2725 peragebantur,
903 2660 931 2710 in
950 2658 1056 2713 edendo
1072 2676 1103 2712 ac
1119 2660 1164 2713 bi·

87 2728 177 2783 bendo
196 2727 303 2779 modum
325 2728 493 2789 excessisset,
516 2744 530 2777 a
550 2728 630 2796 plebe
648 2745 696 2796 per
713 2730 886 2797 ignominiam
904 2730 993 2782 verbis
1011 2730 1178 2785 huiusmodi.

88 2808 197 2854 notatus
218 2814 360 2863 „rursuse
387 2814 468 2847 rauco
498 2797 609 2860 bibisti,
636 2816 726 2849 rursus
752 2807 869 2851 urentem
897 2800 1045 2852 amisisti?''
1075 2802 1111 2853 ob
1133 2802 1165 2853 id

88 2870 235 2923 convicium
253 2868 402 2937 complures
418 2876 503 2919 morte
521 2868 652 2919 multavit.
672 2868 763 2937 itaque
774 2886 835 2920 curn
850 2868 973 2921 siderent
990 2887 1114 2939 proceres
1132 2889 1165 2924 uc

87 2942 255 3011 magistratus
275 2940 313 2990 rei
336 2938 463 3008 publicas
489 2954 609 3005 magnam
625 2938 765 2991 hominum
783 2938 985 2992 multitudinem
1003 2942 1095 2994 multis
1113 2943 1176 2995 ad-'

87 3014 130 3065 lici
148 3012 239 3073 malis,
257 3009 329 3061 bona
346 3026 393 3077 per
410 3008 622 3077 publicationem
651 3008 748 3074 adimi,
766 3011 854 3079 capita
878 3010 1012 3079 praecidi,
1038 3012 1073 3063 ad
1090 3012 1164 3065 Afri·

88 3100 133 3135 cae
146 3090 295 3152 praetorem
313 3078 464 3131 lleraclium
485 3079 588 3130 litteras
605 3080 728 3143 mittunt,
755 3082 803 3148 qui
820 3081 944 3149 precibus
964 3098 1056 3133 eorum
1073 3090 1164 3135 motus

88 3154 214 3205 continuo
234 3150 344 3202 classem
358 3158 434 3219 parat
452 3157 480 3200 et
498 3158 589 3201 contra
604 3148 716 3201 Phocam
729 3151 916 3219 proficiscitur,
928 3148 1052 3204 adserens
1071 3170 1163 3207 secum
1226 3194 1234 3208 .

88 3226 161 3275 illam
178 3224 317 3291 imaginem
326 3221 423 3273 Christi
442 3218 651 3289 quaemanibus
670 3220 740 3271 lacta
759 3238 814 3272 non
832 3230 896 3273 erat.
914 3222 966 3273 lroc
983 3222 1064 3275 modo
1073 3221 1163 3276 Phocn'

89 3302 229 3363 superato,
250 3292 378 3343 Photinus
400 3290 519 3360 quidam,
536 3308 603 3341 unm
619 3307 652 3341 ex
670 3299 823 3359 magnatum
839 3309 959 3355 numero,
976 3295 1053 3345 cuius
1069 3296 1162 3347 uxoris

87 3364 232 3435 pudicitiae
250 3362 350 3414 Pbooas
370 3372 449 3414 antea
466 3370 599 3413 struxerat
616 3362 742 3425 insidias,
762 3362 852 3414 subito
871 3364 899 3414 in
936 3364 1047 3415 alatium
1064 3365 1118 3417 irru
1140 3367 1163 3419 it
1190 3366 1194 3374 “

89 3444 116 3487 et
135 3435 247 3486 lecam
266 3435 452 3502 imperatorem
478 3431 551 3501 pulla
575 3441 649 3484 veste
669 3432 791 3483 indutum
811 3451 904 3485 mona
943 3434 1095 3487 Heraclium
1113 3384 1164 3487 άτ-

89 3506 168 3556 (lucit.
195 3506 241 3573 qui
262 3522 321 3555 cum
341 3504 455 3555 Phocom
477 3502 566 3553 sorbis
592 3500 666 3555 hisce
694 3504 869 3572 compellaret
891 3504 982 3568 „itane
1005 3507 1086 3557 miser
1105 3524 1163 3559 mm

88 3576 221 3647 publicam
236 3574 426 3625 administrasti
436 3573 464 3625 ?'¹
484 3572 732 3641 rosponrlitl'lmcas
750 3573 820 3637 „tibi
836 3590 899 3627 vero
921 3592 971 3645 pes
989 3592 1032 3627 roe
1050 3578 1115 3629 licet
1131 3586 1164 3631 ut
1262 3583 1265 3598 '

89 3648 181 3697 rectius
201 3662 258 3695 eam
276 3646 375 3711 goras.”
407 3643 471 3694 irinc
495 3644 519 3694 ei
546 3652 617 3695 recta
634 3660 728 3695 manus
755 3652 784 3697 et
809 3642 893 3714 pedes
918 3646 1064 3715 amputati,
1091 3650 1163 3701 entis

89 3718 165 3767 dorso
191 3714 328 3778 detracta,
353 3722 458 3766 assecta
485 3714 602 3765 serenda
631 3722 659 3765 et
684 3713 778 3766 hastae
804 3714 912 3779 adlisa,
936 3725 1018 3787 caput
1043 3717 1162 3788 denique

89 3786 174 3855 gladio
201 3787 320 3837 recisam.
347 3785 467 3853 reliquus
502 3784 620 3851 corporis
644 3791 754 3836 mancus
784 3786 814 3838 in
840 3784 914 3849 soro,
936 3787 1010 3871 quod
1037 3789 1163 3841 boarium

88 3864 255 3925 nuncupant,
274 3873 322 3925 per
337 3855 523 3907 contumeliam
542 3854 684 3907 hincinde
702 3864 801 3907 tractus
818 3856 927 3909 tandem
945 3858 1001 3927 agni
1021 3860 1145 3911 traditur.

155 3928 249 3995 Itaque
279 3933 340 3996 post
359 3926 473 3977 lecam
497 3924 635 3977 lleraclius
658 3942 743 3977 annos
764 3927 798 3977 3ο
817 3944 905 3979 rerum
936 3930 1047 3997 potitur.
1064 3930 1109 3985 hic
1126 3930 1163 3983 ad

90 4012 210 4067 generum
229 3996 334 4047 Phocoe
358 3996 497 4065 Crispum,
525 3996 573 4067 qui
593 4005 673 4048 antea
694 4004 786 4048 contra
807 3997 920 4051 Plaocam
945 4018 1004 4051 cum
1021 4000 1079 4073 ipso
1096 4019 1163 4053 con·

89 4070 245 4137 spiraverat,
278 4084 368 4119 verum
395 4067 522 4136 deinceps
548 4068 698 4119 lleraclium
724 4066 867 4121 maledicto
896 4070 1026 4135 laeserat,
1060 4072 1162 4125 dixisse

91 4138 168 4193 lertur
186 4154 274 4209 „quae
302 4153 393 4193 socero
416 4156 470 4192 nun
489 4138 662 4209 praestitisti,
691 4140 740 4209 qui
756 4140 841 4193 anien
862 4142 1050 4213 praestares?”
1066 4144 1161 4216 itaque
