2742 4617
201 995 437 1075 IOHANNIS
465 988 807 1083 LEWNKLAVH,
834 999 1136 1087 AMELBURM,

325 1168 371 1218 na
391 1166 602 1221 oansnosun
624 1168 669 1221 ss
688 1170 881 1222 senesanna
898 1170 1011 1224 vnon

173 1318 463 1387 ΙΟΗΛΝΝΕΜ
494 1320 746 1389 BARONEM
773 1314 1157 1407 KITLICIANUM,
1221 1396 1228 1411 ,

362 1484 479 1537 cunin
497 1484 540 1537 nc
556 1484 776 1539 nnsncsvns
794 1488 965 1541 nonaxon
1187 1450 1193 1466 ’

290 1633 335 1695 ΙΝ
358 1634 570 1697 ANNALES
597 1634 792 1697 GLYCAE
817 1636 1036 1699 LATln'os

477 1796 854 1892 saoonnsonc
915 1765 931 1873 f

553 2012 788 2025 m

116 2192 187 2283 Est
207 2222 238 2282 in
257 2220 371 2283 familia
392 2220 530 2282 Caesaris
550 2220 670 2299 nostri,
692 2218 846 2301 Domine,
868 2220 919 2281 vir
938 2229 1092 2303 praestans
1115 2220 1202 2302 inge-

115 2323 194 2401 nio,
215 2321 398 2405 cognitionis
423 2320 588 2399 varietate,
618 2340 724 2383 rerum
746 2341 819 2400 usu,
841 2329 874 2382 ct
890 2320 1007 2383 virtute
1029 2341 1202 2403 propenso.

116 2418 195 2481 dum
226 2422 395 2505 singulasi,
424 2422 592 2483 sambucus
621 2420 672 2483 ille
693 2442 795 2492 meum
828 2421 915 2483 cuius
943 2442 1000 2504 ego
1020 2422 1203 2504 frequenter

113 2521 203 2605 apud
223 2522 354 2601 amicos,
380 2531 412 2584 ct
438 2522 570 2584 iucunde
598 2520 741 2605 quidem,
770 2520 929 2587 recordari
954 2521 1051 2584 solco.
1072 2544 1143 2585 nam
1163 2524 1200 2583 iis

112 2621 254 2701 dotibus,
272 2644 364 2705 supra
382 2623 556 2706 complures
577 2620 668 2683 huius
685 2622 792 2685 aetatis
803 2644 839 2684 cx
856 2620 1000 2683 doctrina
1020 2622 1118 2683 claros
1136 2622 1198 2683 ho..

109 2724 236 2800 mines,
267 2721 407 2785 divinitus
435 2731 481 2785 est
507 2730 689 2800 exornans,
720 2730 758 2784 ut
784 2722 868 2784 iuter
893 2742 950 2783 nos
971 2723 1033 2783 iam
1053 2721 1091 2783 ab
1112 2721 1199 2782 annis

110 2823 237 2905 aliquot
256 2822 422 2885 amicitiam
458 2844 522 2885 non
542 2822 701 2905 vulgarem
730 2821 837 2885 sivisse
857 2843 922 2883 non
940 2844 977 2884 cx
994 2820 1097 2882 auimo
1119 2841 1197 2902 gau.

111 2922 205 2984 deam
223 2922 345 2998 solum,
364 2944 473 2985 venum
495 2923 588 2985 etiam
603 2924 636 2983 in
663 2922 766 3007 aliqua
784 2922 938 2984 felicitatis
958 2931 1049 3005 pasto
1067 2942 1195 3005 ponam.

109 3044 173 3085 cur
193 3022 277 3084 enim
297 3021 384 3085 illum
403 3022 562 3084 hominem
580 3043 643 3083 non
663 3022 791 3084 maximi
809 3024 936 3100 facium,
960 3024 1015 3106 qui
1034 3022 1197 3105 publicatis

109 3122 244 3207 egregiis
264 3122 380 3206 ingenii
399 3124 626 3201 monumentis,
653 3123 841 3185 emblematis
869 3124 1001 3185 solerter
1019 3123 1197 3205 excogitatis

108 3234 143 3287 ct
163 3245 224 3305 per
245 3232 355 3307 arguta
370 3222 520 3307 quaedam
543 3221 645 3306 idyllia
665 3222 835 3301 declaratis,
855 3220 1041 3285 Dioscorida
1059 3230 1196 3305 purgato
1310 3249 1317 3256 ·

108 3333 142 3385 et
167 3323 338 3400 illustrato,
363 3324 548 3386 vasietatum
571 3322 655 3384 libris
675 3344 739 3383 non
761 3323 819 3383 illis
831 3322 958 3406 quidem
979 3321 1080 3383 adhuc
1096 3320 1194 3401 oditis,

108 3422 162 3485 sad
183 3444 240 3485 suo
261 3430 366 3487 umen
383 3432 523 3507 tempore
542 3422 757 3507 proferendis,
777 3444 881 3485 omnes
899 3423 932 3483 in
956 3422 1193 3487 admirationem

108 3525 156 3586 sui
179 3523 285 3606 rapit?
317 3546 357 3587 ne
379 3522 480 3587 dicam
499 3532 649 3607 quantum
671 3524 704 3584 in
724 3544 762 3585 eo
783 3522 880 3584 laudis
901 3530 1061 3584 mereatur
1080 3544 1194 3605 perve-

108 3624 266 3707 stigandae
287 3624 477 3709 antiquitatis
499 3624 677 3687 indefessum
697 3645 770 3686 sane
786 3622 939 3699 studium,
962 3643 1026 3705 quo
1045 3643 1108 3684 non
1128 3624 1194 3686 sine

108 3726 225 3807 magnis
247 3726 388 3809 impensis
419 3734 467 3787 tot
488 3725 641 3787 sodoims
663 3722 838 3807 priscorum
860 3723 1042 3784 numismata
1058 3724 1192 3806 conqui.

108 3828 198 3905 sivit,
219 3835 267 3887 tot
289 3826 415 3888 eximios
448 3826 480 3887 in
510 3826 595 3887 omni
629 3823 860 3906 disciplinarum
890 3843 1002 3904 genere
1032 3822 1130 3885 libros
1149 3824 1188 3882 al»

107 3929 238 3989 interitu
253 3926 442 3999 vindicavit;
463 3946 540 4010 quos
560 3926 642 4009 ipsos
653 3924 784 3985 aliorum
801 3922 997 4006 quorundam
1011 3922 1189 3985 invidorum

107 4047 197 4089 more
215 4048 278 4089 non
298 4028 379 4088 iutra
400 4048 539 4090 carceres
562 4035 593 4089 et
612 4034 699 4109 septa
713 4024 835 4108 privata
849 4034 991 4104 coercet,
1011 4022 1065 4085 sed
1085 4022 1188 4083 animo

107 4126 246 4209 lutense,
269 4128 429 4211 quaesiti
450 4128 640 4211 perhumana
653 4126 823 4208 benignitas
844 4134 875 4189 st
889 4120 1193 4187 memorandalibs-
