2742 4617
422 256 631 320 muman
661 257 763 322 auus
793 262 833 320 n.
1081 237 1159 318 261

62 431 178 476 συνον
209 405 342 474 ἐνώπιον
370 410 429 472 τοῦ
448 411 538 472 θεοῦ.
589 406 717 474 κάλεσαι
734 410 768 487 ἐξ
783 403 913 492 Ἰόππης
933 409 989 476 τὸν
1009 412 1164 494 Πέτρονί*

65 511 109 574 εἰ
131 511 170 574 δὲ
199 509 301 573 ταῦτα
331 499 430 580 οὕτως
455 503 542 587 ἔχει,
571 510 618 587 τί,
644 503 754 582 καθεὶς
773 500 1008 591 ἀποδέδεικται,
1028 515 1090 575 τοῖν
1108 515 1164 576 α’ν-

62 611 219 692 &norror
245 608 372 678 ἕκαστος
402 597 529 687 ἄγγελον
561 607 706 688 κέκτηται
726 602 785 680 τὰς
803 605 946 690 αἰτήσεις
966 607 1056 693 ἡμῶν
1076 606 1164 675 aiod·

65 727 175 788 γοντα
197 703 243 780 εἰς
268 701 308 768 τὰ
333 696 398 768 adso
426 706 537 787 νυρίου
558 701 710 784 σαβαιίθ,
736 701 852 787 ἇνάχκή
872 708 958 770 πᾶσα
979 703 1053 782 τούς
1073 707 1164 791 α’γγέ-

30 811 154 878 5λους
174 804 298 886 πρῶτον
315 803 523 883 ἀνέρχεσθαι,
544 801 599 866 καί
625 805 668 866 δι’
690 803 796 866 αὐτῶν
814 801 873 879 τοὶς
894 801 1033 886 αἰτήσεις
1050 805 1162 889 ήμῶν,

66 897 144 968 εἶθ’
162 895 264 974 οὕτως
280 897 337 975 τοὶς
358 904 447 976 θείας
467 893 733 984 ἅνωθενδωρεοὶς
743 904 955 986 κατέρχεσθαι
968 902 1045 987 πρὸς
1065 905 1190 988 sindon

66 1000 132 1068 dne*
150 999 215 1085 yolo
242 996 341 1086 τούτῳ
364 999 420 1062 καί
450 998 597 1080 ἀγγέλους
618 994 702 1064 εἶδεν
722 999 954 1084 ἀνασχομένους
975 1006 1030 1066 καί
1049 1027 1160 1089 κατερ-

65 1102 232 1181 χομένους
261 1092 279 1159 ὃ
298 1093 453 1180 μακάριος
468 1095 598 1180 Ἰακώβ·
641 1095 696 1162 διὰ
719 1095 781 1183 γὰρ
798 1094 929 1180 τούτων,
956 1100 999 1176 ὥς
1021 1099 1161 1184 εἴρηται,

67 1197 298 1282 λειτουργικόν
324 1187 422 1260 ὄντων
453 1199 655 1279 πνευμάτων,
690 1197 747 1261 καί
776 1199 1010 1279 οἷκονομοῦνται
1027 1197 1065 1264 τὰ
1085 1204 1161 1284 eride

14 1323 58 1368 το
69 1295 180 1362 πάντα
203 1298 259 1360 καί
279 1294 482 1376 διεξάγονται.
523 1292 579 1359 καί
596 1299 671 1380 περί
688 1300 748 1378 μὲν
766 1284 1034 1373 τοίτων.οὖ’τως.’

158 1392 381 1476 Ἀνερχόμενον
412 1395 447 1458 δὲ
474 1390 529 1458 τὸν
546 1393 660 1476 Ἰακὼβ
690 1395 750 1458 dod
781 1395 838 1459 soi
857 1393 993 1479 Λάβαν,
1023 1400 1079 1461 καί
1104 1397 1160 1463 τόν

67 1478 179 1560 Ἠσαῦ
215 1491 354 1571 δεδιότα,
390 1489 632 1576 παραθαρρύνει
663 1493 724 1560 καί,
741 1484 838 1569 αὖθις
874 1489 892 1558 ὅ
921 1495 998 1571 θεὸς
1017 1497 1161 1562 παλαίων

67 1596 151 1676 μετ’·
167 1584 268 1656 αυτοῦ
286 1593 345 1667 ἕως
365 1593 454 1674 πρωῒ
470 1589 527 1654 καί
544 1594 664 1655 πείθων
684 1593 832 1658 έντεῦθεν
850 1591 897 1676 μή
920 1598 1109 1678 φοβεῖσθαι·
1131 1595 1163 1660 es‘

67 1690 137 1777 γαρ
155 1689 236 1771 μετὰ
257 1690 337 1753 ecoe
351 1686 501 1772 δυνατός,
521 1693 625 1778 πολλῷ
638 1695 757 1771 μᾶλλον
774 1690 857 1773 μετὰ
879 1690 1066 1775 ἀνθρώπων.
1087 1697 1160 1758 τοῦ·

15 1791 108 1856 εὸτο
129 1791 167 1854 δὲ
186 1787 241 1854 ταί
261 1784 278 1854 ὃ
301 1783 421 1868 Ἰακώβ
440 1787 599 1872 ἐδήλωσεν
619 1786 716 1854 είνιιέν
735 1783 843 1872 „aldor
863 1789 918 1855 τὸν
938 1792 1015 1856 θεὸν
1034 1793 1161 1875 πρόσω-

68 1914 134 1954 πον
161 1889 237 1972 πρὸς
266 1882 447 1970 πρόσωπον,
475 1885 531 1950 καί
557 1884 662 1970 έσοέθή
681 1911 745 1968 μου
770 1884 790 1971 ή
811 1887 903 1971 ψυχή
910 1892 938 1968 ,”
957 1887 1159 1976 τουτέστινή

66 1993 243 2070 τεθνηκυῖαν
264 1981 371 2068 ὥσπερ
392 1983 453 2050 ὑπὸ
479 1987 570 2061 δέους
597 1983 740 2070 θάρσους
758 1985 946 2070 ἐνεπλήσθη.
986 1989 1209 2070 τήνικαῦταο“

69 2085 128 2148 καί
143 2081 279 2168 Ἰσραήλ
311 2079 560 2164 μετονομάζεται
587 2082 631 2159 ὥς
650 2086 685 2148 ἐν
706 2089 863 2172 φαντασίᾳ
881 2086 964 2148 θεοῦ
981 2085 1157 2166 γενόμενος.

69 2183 87 2246 ὅ
109 2185 215 2264 μέντοι
235 2181 357 2263 Ἰακώβ
378 2179 578 2256 διυτινισθείς
597 2181 748 2263 χωλεύων
766 2175 826 2266 ἧν,
850 2181 894 2258 ὥς
916 2182 936 2265 ή
956 2180 1082 2267 ἱστορία
1101 2186 1159 2267 δή·

19 2288 131 2346 αολοζ
153 2282 204 2346 ἵνα
219 2281 255 2344 δέ
270 2275 316 2364 μή
338 2278 416 2353 μετὰ
440 2279 497 2362 τήν
518 2271 743 2364 τελευτήντοῦ
761 2283 885 2345 δικαίου
903 2285 1026 2368 σβεσθή
1045 2277 1064 2365 ή
1081 2280 1159 2367 πρὸς

70 2374 173 2444 odada
193 2380 249 2444 τοῦ
267 2379 348 2442 θεοῦ
370 2377 554 2462 undenarios,
588 2380 754 2464 σοφίζεται
773 2375 829 2462 τήν
848 2380 924 2464 περί
942 2377 1056 2443 τούτου
1074 2377 1157 2463 μνή.

69 2647 182 2700 Petrum
200 2647 350 2699 arcessito.”
367 2661 437 2716 quse
455 2661 514 2699 cum
532 2647 569 2700 lta
589 2649 657 2711 sint,
671 2657 700 2700 et
718 2664 778 2700 cum
797 2645 915 2718 quilibet
925 2647 1016 2709 homo,
1034 2663 1083 2700 ceu
1104 2647 1154 2700 de-

68 2718 294 2780 monstravimus,
313 2717 436 2785 angelum
457 2717 558 2770 habeat
574 2736 667 2786 preces
688 2736 748 2769 suas
767 2718 802 2769 ad
819 2735 897 2770 aures
907 2717 959 2768 dei
968 2717 1087 2769 Sabaoth
1105 2719 1155 2770 de·

69 2789 220 2851 ferentem,
238 2786 348 2840 omnino
365 2803 476 2840 necesse
495 2797 537 2840 est
549 2789 658 2857 angelos
674 2790 792 2857 primum
810 2787 983 2850 adscendere,
1003 2797 1084 2856 atque
1101 2806 1154 2840 uns

69 2873 131 2909 com
150 2859 216 2926 ipsis
235 2873 329 2928 preces
354 2873 462 2926 quoque
484 2867 604 2922 nostras,
624 2859 724 2911 deinde
746 2875 811 2912 vero
828 2857 919 2909 divina
936 2873 1048 2908 munera
1068 2858 1153 2909 coeli-

69 2937 114 2980 tus
142 2929 177 2978 ed
195 2945 244 2979 nos
271 2929 422 2998 pervenire.
446 2945 510 2980 nam
527 2930 624 2980 iccirco
649 2928 745 2982 beatus
767 2930 816 2979 ille
835 2928 949 2979 lacobus
976 2927 1085 2993 angelos
1103 2925 1154 2978 ad-

70 2997 228 3050 scendentes
251 3007 280 3050 et
295 2998 412 3050 vicissim
431 2997 627 3051 descendentes
642 2999 726 3062 vidit,
745 3015 793 3068 per
810 3015 878 3066 quos
897 3007 1024 3066 tanquam
1043 2998 1153 3064 spiritus

70 3069 247 3130 administros,
264 3083 314 3119 ceu
332 3068 458 3133 diximus,
475 3085 517 3122 res
535 3077 657 3122 terrenae
678 3070 868 3138 gubernantur.
885 3067 938 3118 hoc
955 3065 1036 3117 modo
1056 3066 1091 3117 de
1108 3066 1152 3119 his

70 3155 225 3209 responsum
247 3148 330 3191 esto.¹

138 3210 279 3262 Caeterum
306 3217 484 3264 revertentem
509 3227 523 3262 a
552 3207 659 3262 Labane
684 3208 829 3272 Iacobum,
855 3209 903 3329 ήαί
921 3207 1018 3260 liscum
1039 3206 1150 3258 fratrem

69 3295 229 3348 magnopere
256 3279 434 3344 formidabat,
452 3297 556 3334 rursum
583 3278 650 3329 deus
671 3279 838 3341 consolatur,
876 3286 937 3330 ueta
957 3295 1017 3329 cum
1034 3279 1095 3345 ipso
1113 3275 1150 3329 ad

69 3351 226 3401 matutinum
242 3366 328 3419 usque
349 3349 498 3403 diluculum
518 3365 693 3419 congressus,
711 3366 765 3419 quo
785 3349 896 3419 quidem
912 3350 984 3400 facto
1020 3345 1148 3398 erssrade-

69 3437 98 3470 re
115 3419 210 3472 Iacobo
227 3421 316 3480 voluit
336 3438 372 3473 ne
390 3422 457 3492 quid
482 3422 534 3474 sibi
554 3427 695 3472 metueret.
722 3435 785 3470 nam
802 3419 826 3470 si
844 3418 971 3471 adversus
1010 3435 1071 3467 eum
1088 3433 1147 3468 sese

67 3489 204 3540 robuetum
217 3499 352 3558 praestare
367 3500 482 3560 poterat,
500 3491 586 3542 multo
598 3490 680 3557 magia
694 3490 778 3540 robur
789 3488 916 3540 adversus
928 3489 1052 3538 homines
1061 3485 1148 3538 lrabe-

67 3559 120 3612 bat
137 3559 287 3628 significare
298 3561 386 3613 voluit
396 3561 447 3613 hoc
460 3564 518 3632 ipse
530 3560 653 3622 lacobus,
674 3576 734 3609 cum
748 3561 788 3610 ait
797 3559 876 3627 (Gen.
890 3561 922 3609 32
940 3559 986 3629 30)
1001 3571 1146 3626 „praceens

86 3639 231 3682 raesentern
244 3629 324 3682 deum
336 3635 472 3701 conspexi,
490 3641 518 3684 et
530 3630 742 3684 incolumitatem
754 3630 842 3680 anima
851 3645 910 3679 mea
923 3635 1066 3678 consecuta
1078 3628 1145 3688 est,”

65 3648 115 3752 lloc
135 3709 184 3760 eet,
202 3717 272 3770 quae
285 3710 388 3754 tanturn
407 3719 462 3753 non
479 3720 545 3771 proc
563 3699 707 3752 formidine
727 3707 833 3750 mortua
853 3697 1035 3758 erat,s1ducia
1056 3697 1145 3765 reple-

66 3779 93 3822 ta
109 3777 155 3822 est.
173 3779 237 3822 tunc
256 3780 284 3823 et
300 3773 411 3824 nomine
428 3781 531 3824 mutato
554 3771 647 3822 Israeli
672 3769 884 3839 appellationem
907 3768 1027 3836 accepit,
1046 3767 1143 3836 utqui

68 3839 110 3892 dei
129 3840 263 3910 quandam
292 3843 509 3894 informationem
529 3848 687 3894 consecutus
712 3848 789 3890 esset.
805 3838 836 3888 id
853 3837 963 3906 quidem
982 3853 1015 3888 ex
1030 3835 1144 3888 historia

67 3919 175 3972 constat,
193 3911 322 3964 Iacobum
337 3929 397 3964 cum
416 3912 578 3982 evigilasset,
600 3911 686 3962 altero
701 3925 776 3961 crure
795 3907 965 3958 claudicasse.
985 3923 1016 3958 ac
1027 3923 1062 3957 ne
1079 3915 1143 3990 post

67 3980 126 4032 iusti
142 3979 223 4032 huius
252 3983 302 4034 viri
320 3992 433 4036 mortem
462 3983 589 4035 memoria
609 3996 688 4032 curae
726 3977 946 4046 rovidentiaeque
964 3975 1009 4028 dei
1028 3975 1063 4028 de
1081 3993 1141 4045 rpso

67 4052 278 4118 extingueretur,
304 4054 401 4104 iccirco
421 4055 551 4104 rationem
571 4051 675 4116 invenit
700 3997 765 4100 deuo
785 4065 837 4117 qua
856 4049 954 4100 lartum
973 4047 1024 4098 lsoc
1043 4062 1141 4114 perpe·

67 4129 189 4174 torretur.
206 4123 298 4194 inquit
316 4123 388 4178 enim
406 4129 536 4193 „nepotes
553 4121 672 4176 Israelici
691 4137 772 4174 nereo
789 4118 912 4184 semoris,
930 4119 977 4190 qui
994 4116 1139 4176 emarcuit,
