2742 4617
187 256 241 337 56
522 285 736 349 suouuuus
763 282 924 347 ostoun
1013 370 1023 398 s

266 434 501 521 Προγινάσκειν
530 441 588 517 μὲν
616 429 671 501 osis
700 436 756 501 κατ’
780 439 932 521 άμυδρῶς
955 436 1013 501 τοῦ
1042 437 1209 516 μέλλοντος
1229 432 1265 497 ε”κ

174 560 277 611 Ατινοιν
297 534 436 621 σημείων
457 536 767 619 καταστοχάζεσθαι,
804 534 882 600 ἄνευ
904 536 1083 619 α’ντιλογιλις
1101 534 1158 609 καί
1175 528 1268 615 ἡμεῖς

98 642 275 707 timuerim
301 638 547 717 κατατιθέμεθα.
599 636 692 701 ου’δέν
721 634 783 720 γάρ
803 634 858 699 sss·
888 632 1057 719 προδήλοις
1079 628 1165 697 odam
1184 628 1265 715 πρά-

181 760 298 819 γμασιν
317 736 511 800 ἀντιπίπτειν
531 736 586 800 tut
605 736 700 801 πλέον
719 734 881 817 ἰσχάομεν.
923 735 955 799 εἰ
970 730 1032 818 γὰρ
1054 737 1110 797 καί
1125 727 1266 815 ἥμαρτεν

180 840 215 901 ἐν
234 836 416 925 παραδείσῳ
437 832 455 898 o‘
478 828 663 919 ἅνθρωπος,
698 835 730 900 εἰ
748 836 804 899 καί
823 832 861 898 τά
882 836 979 900 δοθὲν
998 833 1086 920 αὐτῷ
1106 836 1295 917 προφητι.5

180 934 236 1000 κάν
254 939 399 1019 χάρισμα
431 932 564 1017 πάμπαν
598 932 779 1015 άπάλεσεν,
807 935 876 999 αλλ’
898 935 956 997 ode
988 932 1110 1019 άφῆκεν
1131 925 1265 995 αάτὸνδ

151 1035 407 1118 οποναικτίρμων
430 1030 506 1109 θεάς
533 1040 600 1109 τοῖς
635 1026 778 1119 άνσήτοις
804 1032 927 1118 κτήνεσι
945 1034 1050 1123 τέλεον
1064 1026 1265 1113 παραβάλλε-

180 1138 266 1199 σθαι.
321 1136 372 1220 ἐφ’
399 1122 424 1223 ᾧ
453 1130 509 1198 καί
535 1131 650 1218 σημεῖά
681 1156 752 1197 τινα
780 1134 891 1217 δι’δασι
918 1134 976 1197 τοῦ
1005 1133 1146 1215 προορᾶν
1162 1130 1266 1194 ἕνεκεν

180 1232 266 1300 ἔστιν
285 1226 338 1299 ὅτε
359 1229 400 1297 τά
418 1234 572 1315 μέλλοντα
592 1232 766 1299 κάντεῦθεν
782 1227 889 1321 ἑαυτῷ
901 1234 1135 1315 περιποιεῖσθαι
1155 1222 1265 1314 άσφά·

180 1340 279 1398 λειαν.
328 1328 384 1395 καί
408 1328 443 1397 τί
454 1364 458 1371 ·
468 1328 531 1423 χρή
552 1328 650 1397 πολλά
672 1332 794 1415 λέγεινς
823 1328 853 1395 οἱ
873 1332 909 1396 ἐν
925 1332 969 1418 τῷ
985 1328 1058 1413 άδρι
1078 1326 1263 1415 φαινόμενοι
1277 1354 1317 1397 ιο

179 1436 311 1517 κομῆται
334 1432 414 1520 λόγῳ
446 1434 505 1513 μὲν
532 1434 656 1518 φυσικῷ
684 1421 903 1512 συνιστανται,
929 1425 1089 1503 θανάτους
1120 1428 1157 1493 δὲ
1176 1422 1265 1507 ὅμως

179 1526 377 1617 perstituri}
404 1532 461 1595 καὶ
485 1528 660 1615 προσώπων
687 1532 849 1615 ἐπιφανῶν
879 1531 1159 1611 καταγγέλλουσιν,
1180 1522 1262 1603 eisd

179 1634 276 1713 μέγας
295 1628 356 1717 ἔφη
378 1634 433 1696 καί
452 1628 698 1715 οδρονοφάνιοιρ
718 1632 896 1705 Βασιλειος.
938 1625 1020 1694 άλλά
1042 1626 1098 1692 καί
1120 1625 1264 1709 αάχμιδν,

179 1730 264 1795 ε”στιν
294 1726 344 1794 ὅτε
364 1731 489 1813 α’νέμιον
508 1726 539 1794 οἱ
559 1731 694 1794 τοιοῦτοι
722 1730 910 1812 δηλατικοί,
931 1726 966 1794 ολ
981 1731 1038 1793 καὶ
1057 1728 1183 1792 δοκοῦσι
1203 1728 1264 1807 μὲν

179 1824 259 1895 εἶναι
282 1825 433 1917 άατὲρες,
455 1830 512 1894 ουίι
531 1830 597 1895 εἰσί
616 1830 664 1893 δέ.
706 1828 774 1903 πῶς
795 1830 852 1893 καὶ
871 1824 953 1912 γάρ,
974 1825 1038 1911 εἴγε
1058 1826 1261 1893 συνίστανται
1278 1828 1316 1892 ι5

177 1932 251 2011 μέν,
283 1928 321 1993 οὔ
352 1932 570 2013 παραμένουσι
600 1927 652 1993 δέ·
700 1929 757 2011 τῆς
777 1926 839 2011 γάρ
859 1923 939 2011 άλης
959 1929 1004 2013 τῷ
1023 1924 1104 2010 πυρά
1121 1927 1263 2010 δαπανη·

178 2030 306 2113 θεδοης,
330 2030 370 2093 δι’
404 2018 442 2112 ἦς
467 2026 485 2091 o‘
508 2027 640 2113 κομήτης
660 2028 859 2113 συνέστηκεν,
891 2023 1079 2118 ἐξάνάγκης
1097 2022 1154 2091 καὶ
1170 2017 1265 2102 οὗτος

178 2127 382 2209 σβεννύμενος
402 2126 574 2193 διαλύεται.

148 2242 171 2293 Ι)
259 2226 348 2293 Ἀλλ’
366 2220 427 2311 δρα
451 2226 507 2290 καὶ
520 2225 578 2311 τήν
595 2229 719 2309 γένεσιν
733 2225 827 2291 δποίιι
846 2228 894 2301 τίς
905 2227 971 2291 ἐστι
988 2230 1045 2292 καί
1057 2224 1157 2291 πόθεν
1169 2222 1264 2311 dom·

179 2348 214 2388 κε
233 2324 291 2409 τήν
311 2322 426 2409 α’ρχήν.
473 2327 508 2390 ἐκ
536 2328 591 2409 τῆς
610 2327 795 2401 καπνώδους
824 2327 880 2389 και
899 2328 995 2410 ξηρᾶς
1015 2324 1320 2409 άναθυμιάοειυςαο

179 2432 239 2499 Ιεἰυς
260 2424 358 2507 αδτής
391 2426 447 2509 τῆς
467 2421 596 2509 σελήνης
615 2422 762 2506 ἀνάγεται
791 2422 846 2489 διά
863 2421 1044 2511 κουφότητα
1066 2421 1183 2500 καπνάς
1201 2429 1264 2507 μὲν

180 2516 259 2592 odon
279 2520 357 2590 κατά
385 2522 444 2610 τήν
464 2517 591 2606 οὖσίαν,
624 2520 706 2611 φλόξ
725 2526 762 2588 δὲ
784 2520 862 2589 κατά
882 2520 940 2609 τήν
962 2518 1107 2607 δύναμιν.
1161 2516 1264 2614 ε’φ’ᾦ

251 2686 289 2753 τά,
309 2685 369 2739 ἔστι
389 2682 414 2737 δ
435 2682 499 2739 διεδ

248 2804 390 2857 Caeterum
417 2804 521 2875 aliquid
546 2802 722 2873 praevidere,
745 2803 835 2875 deque
857 2804 941 2874 sigule
957 2804 1119 2875 quibusdam
1135 2806 1166 2859 id
1186 2807 1261 2877 qnod

180 2878 300 2928 futurum
318 2876 354 2929 sit
367 2874 568 2928 obscuriuscule
586 2874 732 2927 coniectari
747 2892 797 2927 nos
817 2892 909 2945 posse,
930 2876 996 2927 citra
1016 2877 1261 2930 contradictionem

180 2963 287 2999 omnem
307 2945 429 2999 fatemur.
448 2964 509 2997 nam
526 2948 554 2997 in
573 2945 654 2997 rebus
667 2945 737 2997 edeo
756 2947 906 2998 manifestis
922 2946 1046 2998 resistere
1063 2946 1111 2999 din
1130 2964 1194 3001 sene
1210 2965 1262 3001 ne·

179 3034 317 3089 queamus.
335 3032 489 3087 quanquam
507 3018 579 3069 enim
593 3016 675 3068 homo
690 3017 719 3068 in
736 3016 859 3085 paradiso
877 3018 1006 3085 peccarit,
1026 3035 1177 3089 quenquam
1194 3036 1262 3071 con·

178 3106 281 3140 cessum
306 3084 359 3139 sibi
376 3086 543 3141 vaticinandi
567 3103 664 3139 munus
682 3095 766 3157 atque
793 3087 955 3139 beneficium
972 3088 1079 3151 amisit,
1095 3106 1152 3141 non
1169 3098 1262 3143 tamen

178 3158 244 3210 deus
261 3158 309 3209 ille
340 3157 489 3209 misericors
512 3174 574 3209 eum
601 3174 711 3227 prorsus
738 3157 854 3210 similem
876 3156 991 3209 evadere
1017 3158 1104 3211 brutis
1131 3162 1262 3213 iumentis

177 3230 306 3299 permisit
324 3242 378 3299 quo
405 3226 437 3279 iit
457 3236 490 3281 ut
516 3230 591 3297 signe
618 3226 752 3297 quaedam
771 3230 797 3279 ei
815 3228 986 3299 suppeditet,
1004 3228 1040 3280 de
1059 3230 1158 3299 quibus
1174 3232 1263 3283 inter-

177 3300 242 3351 ‹lum
253 3300 344 3351 future
359 3298 513 3367 prospiciat,
531 3315 618 3369 eoque
632 3306 711 3367 pacto
728 3299 866 3351 securitati
884 3315 947 3350 suae
965 3299 1094 3352 consulat.
1110 3300 1178 3370 quid
1188 3301 1262 3354 mul.

176 3371 213 3422 tis
228 3370 316 3423 uerbis
333 3384 401 3443 opus
420 3368 479 3425 est?
496 3371 544 3440 qul
565 3369 770 3453 conspiciuntur
786 3371 816 3421 in
834 3377 895 3424 adse
912 3379 1040 3433 somene,
1060 3370 1177 3427 naturali
1197 3372 1262 3441 qui·
1354 3390 1361 3400 ·

178 3440 239 3493 dem
256 3441 298 3493 iili
317 3440 421 3491 ratione
442 3442 578 3512 modoque
601 3448 741 3503 oriuntur,
770 3439 830 3491 sed'
836 3440 946 3493 interim
962 3440 1007 3492 vei
1023 3457 1114 3507 regum
1130 3442 1174 3492 uel
1190 3442 1263 3491 slia-

178 3529 236 3564 rum
254 3510 401 3565 illustrium
418 3526 593 3579 personarum
613 3512 739 3563 interitus
755 3509 927 3574 denunciant,
957 3509 1182 3581 quemadmodum
1201 3528 1262 3561 sns-
1358 3517 1363 3548 ἱ

177 3599 244 3651 gnus
261 3584 309 3635 iile
328 3581 542 3657 coelestiumque
560 3598 648 3634 rerum
666 3582 798 3649 interpres
814 3582 930 3633 Basilius
948 3582 1044 3651 inquit.
1062 3578 1197 3631 interdum
1214 3583 1261 3633 vel
1360 3593 1365 3603 ‘

176 3660 267 3703 aestus
283 3652 328 3705 vel
344 3659 439 3705 sentos
458 3653 649 3706 subsecuturos
672 3650 801 3703 indicant.
824 3660 853 3702 et
870 3651 998 3703 uidentur
1013 3650 1125 3720 quidem
1145 3668 1203 3702 esse
1221 3653 1262 3703 si·
1360 3652 1370 3682 ’ἶ

178 3720 259 3784 (λεια,
276 3739 368 3775 verum
385 3739 441 3775 non
464 3731 535 3777 sunt.
564 3724 612 3793 qul
630 3724 702 3774 euim
725 3736 784 3772 esse
802 3720 892 3773 sidera
917 3721 1041 3791 possint?
1059 3738 1119 3771 curn
1136 3722 1263 3775 oriantur
1369 3747 1370 3768 ι

177 3790 305 3863 quidem,
324 3792 372 3845 sed
389 3810 444 3846 uon
462 3794 622 3847 durabiliter
638 3799 773 3845 maneant
790 3808 853 3843 nam
870 3794 996 3856 materia,
1017 3792 1051 3843 de
1070 3809 1124 3861 qua
1140 3802 1261 3845 cometes
1369 3815 1370 3820 ¹

178 3863 298 3926 exstitit,
324 3864 484 3934 perignem
510 3865 670 3935 absumpta,
693 3862 847 3916 necessario
872 3870 904 3915 et
929 3864 988 3934 ipse
1015 3863 1150 3915 extinctus
1178 3862 1260 3916 dissi-
1368 3911 1369 3914 ,

196 3940 263 3985 otor.

175 3950 194 4005 P
245 4002 434 4055 Animadverte
451 4013 541 4057 autem
559 4013 647 4059 ortum
665 4004 804 4073 ipsorum,
820 4002 968 4055 cuiusmodi
986 4004 1021 4055 sit
1040 4011 1069 4055 et
1087 4003 1161 4055 unde
1180 4004 1258 4087 prin·
1353 4022 1369 4060 ¹:

177 4074 277 4143 ripiusn
306 4072 413 4125 habeat.
439 4076 558 4129 esistunt
586 4084 706 4128 cometae
731 4072 767 4125 de
796 4073 900 4125 fumosa
924 4082 953 4125 et
972 4076 1042 4127 sicca
1069 4073 1258 4138 exhalatione,
1368 4127 1369 4132 ,

177 4162 246 4217 quae
265 4142 400 4199 exhalitio
422 4152 532 4214 propter
559 4145 698 4199 leuitatem
714 4150 796 4200 'suem
815 4144 850 4198 esl
866 4143 956 4198 lunam
972 4162 1057 4219 osque
1075 4144 1253 4209 subvehitur.
1367 4177 1370 4205 1
