2742 4617
184 306 238 391 7²
514 287 730 356 uscusaus
758 283 921 353 carcaa

180 453 242 538 γάρ
262 444 361 537 diique
381 440 450 513 τινά
469 440 622 527 βοήθειαν
642 436 721 523 ἔχει,
738 437 886 524 καθάπερ
909 436 927 502 d
948 432 1108 509 αολάαους
1126 430 1184 516 τήν
1201 432 1265 497 τοῦ

146 568 170 621 Ι)
179 547 346 636 χρώματος
372 544 573 629 μεταβολήν·
599 537 681 623 ιιρὸς
699 539 760 625 γάρ
780 536 838 619 τὴν
857 542 978 625 πέτραν
1004 524 1028 622 ᾗ
1045 528 1263 617 νιροοοράοαιι

177 649 252 727 eosic
269 644 386 715 ἑαυτοῦ
405 638 586 724 πλοκάμους
610 641 737 721 ductiles
757 642 813 703 καί
830 638 888 723 τὴν
905 632 1036 719 χροιάν,
1057 622 1131 697 ἄνευ
1153 630 1262 712 μέντοι

177 752 236 815 rosi
264 748 381 813 λευκοῦ
410 737 590 828 χρώματος.
639 729 761 818 άναιμα
789 736 851 821 γάρ
870 740 991 817 ταῦτα,
1018 732 1074 797 καὶ
1093 728 1148 794 διά
1168 730 1260 793 τοῦτο

177 847 399 929 κατεψυγμάνα
421 839 477 907 καὶ
495 838 660 927 postquami.
700 830 806 921 ὥσπερ
830 837 926 910 ἐνίοις
945 835 1134 920 pepp-‘leima
1154 823 1174 911 ἧ
1193 837 1291 901 και-5

178 944 231 1011 λΙα
263 944 469 1028 ταράττεται,
498 932 617 1023 ἑτέροις
648 940 684 1002 dd
706 942 894 1021 περίττωσις
920 932 941 1017 ἦ
967 928 1030 995 dno*
1050 933 1105 1013 τῆς
1124 928 1262 1001 κάοτεοος

177 1045 249 1127 ῥεῖγ
264 1036 343 1109 sirco
369 1042 425 1105 καί
441 1038 562 1113 τούτοις
582 1036 752 1121 συμβαίνει
771 1037 804 1111 ἐξ
823 1031 958 1117 άνάγκης
980 1031 1111 1117 άφιάναι
1130 1025 1185 1092 τάν
1202 1022 1262 1091 esi-

177 1151 233 1209 λον
255 1139 309 1207 διά
332 1137 459 1213 δειλίας.
510 1137 529 1221 ἡ
565 1137 601 1201 di
622 1136 720 1223 φάσις
741 1128 808 1215 άμο
829 1134 872 1220 τῷ
889 1128 1098 1218 περιττώματι
1117 1150 1263 1211 παρακα-

177 1243 335 1325 ταχρῆται
361 1232 515 1320 καὶπρὸς
542 1237 700 1319 σωτηρίαν
718 1230 774 1299 καὶ
795 1228 949 1316 βοήθειαν
968 1228 1064 1315 αάτῷ.
1103 1226 1206 1292 πάντα
1225 1227 1263 1290 tt

177 1338 218 1407 τά
246 1332 366 1419 άναιμα
391 1336 454 1399 τοῖν
480 1328 569 1413 ζάοιν
591 1329 782 1417 άλιγάτροφά
813 1328 1001 1411 εἰσινμοάχ
1025 1320 1111 1391 odam
1134 1322 1188 1391 διά
1207 1350 1312 1405 ιιι-ιο

178 1434 312 1524 κράτητα
332 1432 377 1511 οἷς
397 1429 450 1499 διά
469 1427 671 1519 ψυχρότητα·
710 1427 746 1497 τά
766 1427 827 1515 γάρ
848 1423 971 1514 θερμὸν
991 1428 1181 1491 καταπέττει
1201 1424 1262 1511 ὁρ.

179 1538 257 1611 debe
277 1532 337 1616 τὴν
362 1527 486 1617 τροφὴν
512 1532 569 1595 καί
588 1532 687 1594 δεῖται
707 1526 763 1594 καὶ
783 1529 900 1614 τροφῆς
924 1527 1063 1608 ταχέας,
1088 1521 1124 1589 τὸ
1146 1525 1183 1588 δὲ
1196 1540 1264 1604 ψυ-

100 1648 128 1703 Ρ.
138 1650 171 1705 38
178 1633 259 1719 χρὸν
286 1625 437 1717 ἄτροφον.
489 1631 609 1710 μᾶλλον
636 1629 671 1693 δὲ
694 1624 730 1692 τὰ
758 1628 821 1691 τῶν
850 1627 997 1707 τεττίγων
1014 1625 1101 1707 γένος
1120 1613 1263 1708 άτροφάν

179 1734 263 1814 ἐστι,
283 1727 365 1795 διότι
381 1731 436 1795 καί
457 1732 520 1794 τοῖν
538 1720 642 1792 dilus
659 1726 748 1804 ζιάοικ
775 1720 994 1809 ψυχρότερον·
1036 1720 1091 1787 ent
1107 1718 1169 1807 γάρ
1189 1716 1263 1786 rosi·

176 1854 221 1919 τρι
241 1827 297 1895 κατ’
314 1830 431 1913 θέρους
452 1824 521 1915 cipp
544 1825 792 1909 ζωογονοάμενον
813 1820 919 1906 άοτιερ
941 1824 996 1905 τῆς
1015 1822 1098 1911 egidio
1118 1818 1262 1905 αἀάρχε·
1275 1826 1311 1891 ι5

177 1952 241 2001 τοι.
261 1922 351 2011 ἱκανά
377 1928 412 1992 di
430 1924 532 2012 τροφὴ
554 1926 592 2012 τῇ
612 1926 729 2008 τέττιγι
749 1922 770 2008 ἧ
788 1926 824 1989 ἐκ
843 1924 902 1987 τοῦ
921 1922 1067 2003 σώματος
1089 1916 1264 2002 ὖιιομάνοο·

178 2053 222 2095 σα
241 2026 395 2112 ὑγρότης,
416 2023 457 2110 ἣν
479 2026 515 2089 ἐκ
535 2027 592 2107 τῆς
618 2024 768 2107 γενέσεως
787 2018 871 2104 ἔχει,
893 2017 973 2086 κατά
994 2018 1034 2106 ds}
1052 2022 1108 2084 καὶ
1124 2018 1163 2085 τά
1184 2020 1265 2107 ἔφή·

178 2148 264 2209 μερα
288 2128 354 2206 ζῶα
384 2122 424 2189 τά
445 2125 520 2208 περὶ
537 2120 737 2189 κάκ’Πάντον
754 2119 928 2205 γινόμενα·
979 2117 1060 2203 arida
1082 2120 1184 2184 iselae
1204 2122 1265 2201 μὲν
1328 2183 1334 2202 ,

181 2224 303 2310 ἡμέρας
335 2226 413 2305 μιάς
435 2223 550 2308 χρόνον
571 2224 626 2309 ζῇ,
647 2218 703 2285 καί
722 2217 891 2285 dedendae
917 2216 973 2284 καὶ
992 2215 1139 2305 ἐφήμερα
1158 2219 1265 2303 λέγον-

184 2346 237 2390 ται
248 2370 259 2405 ,
280 2322 384 2386 ταῦτα
405 2322 441 2385 dd
461 2322 538 2397 ζοῑσι
558 2317 614 2383 καὶ
627 2321 732 2383 πλέον.
1272 2349 1314 2391 20

266 2414 529 2505 Maiaadurpoaa
548 2419 692 2501 λέγονται
721 2420 862 2505 καρκίνοι
890 2417 1025 2503 κάραβοι
1053 2416 1186 2486 durusne*
1210 2419 1266 2483 κατ’

257 2598 297 2650 13.
317 2592 362 2669 sd]
382 2596 431 2648 καλ
445 2594 471 2648 Ρ.
551 2594 590 2662 ti.
607 2594 692 2650 rodae
709 2592 736 2648 P.
809 2592 849 2648 15.
864 2570 1021 2666 άτιέργεται
1039 2592 1068 2647 P.

186 2767 242 2804 rem
259 2750 318 2803 eius
341 2750 446 2819 copiam
468 2746 579 2803 habeat.
594 2765 646 2801 nec
662 2748 734 2801 enim
751 2746 897 2821 quicquam
914 2749 974 2820 opis
990 2749 1102 2803 alterius
1119 2748 1215 2814 habet,
1233 2758 1266 2804 nt

185 2823 301 2893 polypus
318 2822 494 2873 mutationem
511 2820 619 2875 coloris.
636 2836 697 2873 uam
716 2820 740 2872 ia
756 2836 811 2871 una
827 2836 889 2872 curn
905 2836 987 2884 saxo,
1004 2820 1040 2872 ad
1056 2820 1131 2890 quod
1151 2820 1264 2891 capillos

186 2892 319 2961 applicat,
344 2891 462 2945 colorem
486 2906 596 2961 quoque
623 2897 714 2942 mutat
737 2906 830 2956 suum,
860 2899 973 2961 excepto
1000 2892 1092 2943 colore
1111 2891 1184 2944 albo.
1201 2900 1266 2945 sunt

186 2964 259 3013 enim
276 2961 343 3014 lauec
366 2961 493 3013 animalia
522 2960 659 3029 sanguinis
683 2961 821 3029 expertia,
839 2977 892 3031 qua
911 2960 945 3012 de
967 2976 1046 3012 causa
1064 2964 1189 3031 sequitur
1205 2978 1265 3015 esse

186 3030 283 3101 frigida
311 3031 518 3103 formidinisque
536 3031 628 3101 plena.
657 3048 719 3083 nam
738 3031 778 3085 uti
793 3032 932 3082 nonnullis
948 3040 1022 3083 metu
1040 3033 1171 3101 perculsis
1189 3034 1265 3085 alvus

161 3120 166 3129 ·
186 3102 291 3155 turbari
308 3102 393 3166 solet,
408 3100 548 3153 nonnullis
564 3100 668 3153 vesicae
686 3110 883 3154 excrementum
900 3100 997 3165 effluit,
1013 3102 1053 3155 sic
1070 3111 1099 3155 et
1106 3102 1148 3156 lais
1166 3102 1266 3157 accidit

186 3172 339 3248 uecessqrio
365 3180 477 3243 propter
500 3178 603 3225 metum
628 3179 661 3223 ut
677 3180 856 3224 atramentum
882 3171 1015 3223 emittant.
1034 3190 1089 3243 qua
1106 3173 1217 3244 quidem
1234 3176 1267 3227 in

188 3260 218 3295 re
235 3252 331 3295 natura
355 3251 524 3295 excremento
550 3242 632 3294 simul
650 3249 679 3293 et
694 3242 730 3293 ad
745 3242 859 3295 salutem
875 3242 999 3295 ammalis
1016 3252 1045 3296 et
1061 3242 1097 3295 ad
1112 3261 1192 3314 opern
1209 3245 1267 3297 nti-

187 3322 239 3366 tur.
257 3323 323 3366 sunt
338 3320 428 3366 autem
446 3314 536 3365 omnia
553 3312 692 3382 sanguinis
709 3314 829 3383 expertia
852 3328 982 3383 perquem
999 3314 1097 3381 exiguo
1114 3317 1267 3367 nutrimen·

185 3392 216 3435 to
236 3392 380 3449 contenta,
397 3400 453 3435 nou
468 3390 522 3436 tam
541 3384 606 3453 quia
625 3399 707 3452 parea
726 3391 792 3435 sunt
808 3400 888 3453 qoam
906 3384 970 3453 qnia
989 3383 1175 3453 frigidanam
1192 3386 1267 3438 calor

187 3462 216 3507 et
233 3456 379 3525 concoquit
397 3454 477 3505 facile
492 3456 686 3505 nutrimentum
707 3462 736 3506 et
752 3454 806 3506 cito
827 3454 938 3506 alterius
958 3462 1034 3523 eget,
1051 3472 1112 3507 cum
1129 3454 1266 3524 frigiditas

185 3540 281 3595 parum
306 3526 428 3577 alimenti
447 3526 575 3595 requirat.
600 3525 697 3577 iccirco
715 3522 824 3576 cicadae
832 3542 934 3645 parum
950 3532 1043 3594 pastus
1060 3532 1205 3597 expetunt,
1221 3528 1265 3579 uti

186 3610 257 3663 quae
276 3598 388 3649 caeteris
404 3594 564 3648 animalibus
583 3603 679 3647 natura
693 3595 749 3647 sint
770 3595 831 3663 frigi
852 3610 938 3659 rores;
955 3610 1043 3665 eaque
1061 3595 1095 3648 de
1118 3612 1199 3647 causa
1218 3612 1266 3647 ae-

186 3664 256 3715 stivo
272 3675 394 3738 tempore
419 3666 497 3737 quaai
522 3665 674 3719 vivificatae
700 3672 807 3717 cantum
832 3681 910 3715 suum
930 3666 1077 3736 occipiunt
1097 3673 1126 3717 et
1142 3667 1207 3718 satis
1223 3668 1265 3721 eie

186 3732 310 3788 alimenti
334 3739 456 3821 suppetit
479 3738 537 3807 ipsa
560 3736 679 3806 corporis
707 3734 869 3797 humiditas,
897 3752 978 3805 quam
999 3745 1127 3796 enatura
1147 3736 1265 3805 habeut3

187 3806 258 3856 sicut
287 3814 315 3857 et
332 3807 500 3862 animalculis
523 3806 578 3857 illis
596 3824 610 3859 e
631 3806 747 3857 hemeris
773 3803 887 3868 accidit,
904 3822 975 3876 quae
994 3807 1025 3858 in
1040 3806 1127 3858 Ponto
1146 3825 1265 3861 nascun-

186 3882 249 3938 tur,
275 3891 331 3927 unc
357 3888 485 3947 excepto,
514 3876 588 3946 quod
612 3825 680 3928 laec
702 3876 783 3930 unius
810 3875 868 3927 diei
883 3884 936 3929 tem
956 3895 988 3929 us
1004 3876 1120 3929 virendo
1136 3880 1265 3949 expleant

187 3945 306 4015 ideoque
337 3962 435 3999 nomeu
466 3946 541 4001 istud
574 3955 718 4000 consecuta
743 3946 813 4011 sint,
843 3946 909 4001 illae
931 3896 1096 4001 diuturniori
1122 3949 1179 4002 rita
1206 3950 1264 4003 fro·

187 4023 277 4069 antur.

256 4084 339 4137 'l'esta
360 4083 436 4135 molli
461 4088 564 4139 munita
592 4086 735 4153 dicuntur,
753 4087 861 4149 cancri,
879 4086 986 4152 carabi,
1007 4088 1106 4141 aesteci
1117 4088 1175 4140 aios
1190 4104 1263 4157 gasn-

187 4156 266 4219 mari,
284 4152 388 4207 caridea
407 4154 463 4205 sisa
481 4158 607 4227 squillae.
625 4157 730 4223 eadem,
749 4160 772 4212 si
789 4158 917 4231 squillam
936 4158 1065 4231 excipias,
1083 4159 1168 4214 claeiis
1183 4174 1262 4229 prae—
