2742 4617
450 255 665 324 suuuuuu
695 260 798 324 rsus
828 259 884 322 ur.
1105 228 1193 333 415

97 398 311 488 dissedisse
333 406 390 471 ἐστι’
406 406 467 470 τῶν
487 406 701 474 τελευτώντων
721 415 824 474 ποιεῖν
842 405 1014 496 εἰῶθαμιζν,
1044 406 1140 496 όιτοίρ
1161 411 1194 473 ό*

96 499 139 570 ῶν
157 501 226 594 ῶρρι
245 502 416 593 τελευτήσῃ
434 526 499 585 τις,
522 504 582 588 τήν
600 500 672 590 ὶξής
691 505 789 591 μόνην
815 502 1065 590 ότιερτιθόμεθα,
1087 511 1127 595 τῇ
1149 509 1186 574 dd

96 601 192 694 ὶτόρρ
223 607 324 670 ἕωθεν
350 600 495 688 τριταιάν
515 597 632 687 όγομεν
650 605 774 690 ἡμέραν
795 607 893 672 edroi
905 631 913 646 ·
955 609 1009 670 ιιαι1
1034 601 1120 672 οότω
1138 611 1196 674 κατ’

96 706 152 770 a‘sri
182 697 282 769 αότοιῖ
300 705 359 768 τοῦ
383 706 528 784 Χριστοῦ
548 706 750 770 διανοεῖσθαί
770 729 807 771 σε
835 703 911 789 χρή.
953 704 1010 772 xci
1027 704 1089 790 γάρ
1112 708 1192 772 ιιατά

64 801 155 887 5τήν
176 800 380 887 παρασκευήν
400 803 566 882 παρέδωκε
584 801 620 868 τό
636 805 784 884 πνεῦμα·
814 807 906 870 τοῦτο
927 807 986 886 μία
1007 805 1121 890 ἡμέρα.
1152 805 1188 871 τό

98 898 259 984 σάββατον
279 897 354 967 όλον
375 904 411 966 όν
430 903 475 987 τῷ
496 899 590 993 τάφρι
602 903 768 988 iambum·
790 898 861 968 ldod
881 905 941 966 δύο
960 903 1090 987 ἡμέραι.
1112 903 1192 987 μετά

93 1003 245 1067 discito
270 1003 327 1083 τής
355 1001 508 1087 ιιοριαιιής
549 999 791 1087 intumuisse
813 1004 847 1067 εἰι
877 1000 984 1088 τάφου
1005 1003 1192 1088 ἐγήγερται·

96 1099 169 1166 ι’δοό
182 1102 240 1166 καὶ
253 1103 363 1184 τρίτην
376 1097 460 1183 ἔχεις
478 1099 609 1184 ἡμέραν.
631 1102 688 1165 καὶ
698 1101 813 1168 πείθου
826 1111 892 1179 τοῖς
909 1101 983 1186 περὶ
991 1104 1126 1168 Asuada
1140 1105 1196 1168 ιιαί

99 1196 251 1265 Κλεόραν
278 1194 363 1264 οότω
390 1200 519 1284 λέγουσι
546 1197 628 1286 τιρός
658 1199 760 1266 αότόν
787 1199 843 1268 τόν
863 1203 1005 1284 Χριστόν
1034 1196 1138 1284 „diiii
1158 1224 1194 1284 γε

43 1329 87 1373 ιο
96 1300 159 1366 σόν
188 1299 409 1376 nicerotianis
438 1303 549 1386 τρίτην
576 1296 697 1385 ταύτην
718 1301 838 1386 ἡμέραν
859 1294 929 1384 άγει
949 1301 1108 1385 σήμερον,
1136 1301 1194 1387 ἐφ’

98 1391 138 1466 οὗ
158 1402 262 1465 ταῦτα
283 1401 431 1484 ἐγένετο”.
472 1400 506 1465 εἰ
532 1401 569 1465 dd
596 1403 653 1465 καί
676 1399 789 1482 τάχιον
821 1405 857 1466 ἐν
885 1400 990 1488 τάφον
1017 1399 1223 1486 όγήγερται,ῃ

96 1504 138 1566 ου’
159 1500 238 1567 κατά
257 1503 350 1565 τοῦτο
373 1498 499 1575 τιάντως
521 1494 784 1585 αἰτιασθήσεται,
820 1503 941 1580 μᾶλλον
967 1504 1026 1582 μὲν
1055 1493 1114 1567 οὖν
1141 1500 1198 1567 sei

95 1596 393 1687 νιροσκανηθήσεται
424 1596 512 1683 ιιαρό
543 1595 694 1681 πάντων,
722 1593 772 1664 ότι
800 1601 859 1681 μὲν
886 1599 943 1684 τήν
973 1601 1198 1685 όμιιρόθεσμον

96 1697 296 1784 καρτερήσας
324 1694 499 1780 ὑπόσχεσιν
526 1697 584 1782 τήν
610 1699 646 1762 εἰι
672 1699 791 1782 νεκρῶν
817 1699 918 1763 αότοιῖ
949 1697 1060 1782 τάχιον
1087 1697 1196 1784 ἐποιή-

45 1810 178 1875 'suero
198 1795 334 1882 ἔγερσιν.
373 1795 429 1861 καὶ
445 1796 522 1880 τιερό
538 1799 600 1876 μὲν
618 1793 740 1863 τοότων
756 1795 884 1872 adreci
900 1799 1092 1884 διαληφθεὶς
1107 1804 1196 1875 θεῖος

99 1896 193 1983 α’νήρ,
216 1895 234 1963 ὅ
255 1899 291 1962 di
307 1890 543 1981 χροσορρήμων
555 1893 707 1980 Ἰωάννης
728 1900 825 1983 φησίν
845 1893 893 1962 ότι
914 1899 969 1961 καί
983 1899 1055 1962 λιάν
1067 1897 1196 1982 ε’τιοιήστ

97 2000 204 2073 καλῶς
234 1994 252 2061 ό
280 1993 422 2083 Χριστός
452 1993 514 2080 ιιρό
546 1998 601 2080 τής
628 1999 692 2061 τῶν
719 2001 815 2081 τριῶν
848 1997 974 2080 ἡμερῶν
1002 1995 1196 2082 συμπληρῶ-

99 2123 180 2175 σεως
211 2100 354 2182 ἐγερθεὶς
381 2097 416 2161 ἐκ
442 2099 572 2181 νεκρῶν.
620 2095 652 2160 εἰ
675 2095 721 2179 μή
751 2095 812 2181 γάρ
844 2095 914 2162 τότε
952 2097 1067 2179 α’νόστη
1095 2103 1196 2182 καθη-

100 2203 203 2280 μένων
223 2198 342 2262 αότόθι
361 2199 423 2262 τῶν
444 2197 647 2279 στρατιωτῶν
676 2200 732 2259 καί
751 2196 994 2280 φυλασσόντων,
1022 2197 1090 2262 ἀλλ’
1115 2197 1194 2262 οἰνα-

48 2321 93 2364 ao
102 2294 315 2382 χωρησάντων
332 2295 414 2377 μετά
435 2295 493 2378 τήν
514 2297 624 2378 τρίτην
645 2295 789 2377 ἡμέραν,
814 2291 900 2376 εἶχον
932 2290 973 2358 ῶν
1004 2321 1037 2361 τι
1062 2299 1118 2362 καὶ
1144 2303 1195 2363 λέ-

101 2421 169 2484 γειν
191 2395 223 2463 ci
241 2397 391 2462 ιιάιιιστοι.
417 2395 602 2482 mpsim-iaus
616 2392 728 2460 λοιτιόν
747 2393 896 2470 α’ναστάς.
929 2395 993 2462 ἔδει
1013 2395 1077 2483 γάρ
1090 2421 1195 2482 παρα-

178 2586 218 2637 13.
240 2579 306 2658 μὲν]
324 2574 389 2654 poi?

102 2723 137 2774 iis
156 2721 244 2774 lacere
267 2717 457 2771 consuevimus
476 2719 525 2788 qni
547 2719 604 2771 sits
624 2718 815 2780 decesserunt,
843 2725 876 2770 ot
902 2733 1064 2788 quacunque
1082 2719 1194 2773 tandem

103 2793 170 2844 hora
195 2793 256 2861 quis
279 2792 426 2852 moriatur,
453 2788 536 2840 modo
563 2789 622 2841 dies
639 2790 710 2840 alter
729 2788 895 2852 intercedat,
914 2807 976 2842 eum
995 2807 1100 2844 summo
1117 2791 1195 2844 tertii

103 2865 160 2917 diei
178 2879 256 2915 mans
268 2861 360 2914 triduo
381 2861 434 2911 lam
450 2869 586 2910 manuum
603 2859 811 2929 perhibeamus,
840 2859 913 2912 idem
941 2859 976 2912 de
994 2859 1099 2913 Christo
1118 2862 1194 2928 cogi.

103 2947 161 2988 tare
180 2953 229 2986 nos
250 2942 368 3003 oportet.
394 2947 458 2983 nam
484 2931 508 2981 is
529 2928 588 2999 ipso
611 2931 825 2999 praeparationis
852 2930 897 2982 die
924 2931 1046 3001 spiritum
1069 2931 1120 2982 deo
1137 2939 1195 2983 trn.

104 3007 192 3058 didit:
211 3007 269 3058 dies
287 3006 369 3073 igitur
388 3002 433 3053 hic
453 3018 523 3052 unus
540 3009 589 3052 est.
622 3001 766 3052 sabbatum
787 3009 873 3054 tutum
894 3001 922 3052 in
940 3001 1063 3070 sepulcro
1081 3003 1195 3054 mansit:

104 3095 140 3129 en
167 3077 237 3130 diem
265 3078 380 3129 alterum
403 3071 497 3126 habes.
516 3071 617 3123 deinde
637 3090 698 3124 cum
720 3073 772 3124 iam
791 3071 943 3124 dominicus
963 3073 1022 3124 dies
1042 3073 1195 3137 diluxisset,

104 3167 120 3201 ο
139 3151 263 3217 sepulcro
283 3148 414 3218 resurgit:
432 3160 467 3196 en
480 3141 552 3195 diem
572 3141 623 3194 tihi
642 3143 762 3196 tertium.
788 3140 854 3195 baec
873 3161 935 3194 sera
953 3143 1045 3208 dabis,
1064 3145 1085 3195 si
1105 3145 1195 3196 Lucas

104 3220 150 3290 (σή
170 3221 215 3290 nr)
234 3219 309 3272 voles
328 3227 357 3270 et
376 3217 494 3285 Cleopae
506 3212 626 3277 eredere,
645 3215 693 3284 qrsi
706 3213 741 3265 sd
754 3215 841 3283 ipsum
854 3214 988 3266 Christum
1002 3215 1081 3267 aiunt
1099 3231 1195 3278 „acce-

105 3291 147 3342 dit
164 3290 283 3342 adhaec
299 3289 409 3352 omnia,
432 3286 509 3358 quod
524 3285 622 3337 tertius
641 3283 687 3337 hic
706 3285 762 3336 dies
782 3287 888 3352 ngitur,
912 3302 945 3338 ex
964 3301 1018 3356 quo
1040 3284 1107 3336 haec
1125 3286 1196 3337 lacta

105 3363 194 3414 sunt’'
212 3363 292 3414 citius
318 3369 409 3413 sutem
435 3358 578 3426 aliquanto
596 3355 733 3408 Christum
752 3372 767 3406 e
785 3357 910 3424 sepulcro
930 3357 1121 3420 resurrexisse,
1136 3357 1197 3408 cul-

104 3451 167 3502 pam
193 3433 305 3485 omnino
330 3431 435 3484 nullam
463 3436 599 3480 mereturz
621 3425 670 3479 sed
694 3427 786 3496 potius
803 3425 855 3478 hoc
874 3427 985 3479 nornine
1010 3428 1093 3496 magis
1115 3429 1197 3480 etism

105 3503 140 3554 nb
164 3504 291 3556 omnibus
315 3511 358 3556 est
385 3499 556 3560 adurendus,
583 3496 658 3568 quod
682 3498 814 3566 praestita
836 3497 986 3549 toleranter
1004 3497 1197 3567 promissione,

106 3573 172 3625 certi
200 3577 330 3644 temporis
356 3573 444 3642 spatio
474 3569 603 3632 delinita,
639 3569 755 3621 celerius
784 3569 1007 3620 resurrectionem
1028 3585 1063 3620 ex
1083 3569 1197 3621 mortuis

106 3662 181 3696 suam
208 3645 389 3699 maturaverit
417 3644 447 3694 in
470 3641 544 3694 bunc
560 3640 672 3693 modum
694 3640 800 3691 divinus
826 3639 876 3690 ills
894 3640 950 3700 rir,
967 3655 1048 3709 quern
1065 3639 1198 3704 diximus,

106 3717 159 3768 hnc
188 3718 222 3770 de
251 3735 279 3770 re
306 3715 441 3769 disseruit
456 3712 603 3765 ¹lohannes
630 3721 722 3764 autem
749 3708 955 3776 chrysostomus
988 3711 1027 3762 ait
1061 3710 1197 3763 Christum

107 3790 192 3842 etism
216 3788 298 3840 valde
320 3788 350 3838 in
377 3801 411 3836 eo
428 3785 567 3853 praeclare
585 3782 696 3846 iecisse,
727 3780 802 3852 quod
827 3789 890 3833 ante
919 3780 978 3832 diss
1003 3789 1057 3833 tres
1077 3783 1199 3852 comple-

106 3870 152 3914 tos
184 3859 368 3910 resurrexerit
418 3856 520 3907 etenim
553 3855 577 3906 si
601 3871 635 3905 eo
661 3856 723 3923 ipsa
754 3861 875 3919 tempore
908 3867 965 3902 non
990 3853 1196 3919 resurrexisset,

110 3929 338 3993 commorantibus
362 3927 453 3983 adhuc
478 3925 542 3978 istic
564 3923 698 3977 militibus
735 3923 942 3994 sepulcrumque
968 3923 1199 3988 custodientibus,

110 4003 236 4072 adeoque
262 4001 285 4052 si
304 3999 405 4051 milites
423 3997 500 4049 illinc
517 3997 601 4048 tertio
618 3995 664 4070 die
687 3995 891 4055 discessissent,
912 3991 1034 4046 homines
1053 3995 1199 4064 improbis.

111 4075 171 4126 simi
184 4073 297 4124 fortasse
308 4067 434 4121 nonnihil
448 4066 608 4119 habuissent
626 4078 682 4136 quo
701 4081 731 4117 se
743 4067 900 4134 'purgarent
927 4074 1093 4136 quapropter
1111 4082 1199 4116 resur-

111 4143 201 4215 gendo
219 4145 292 4215 ipsos
308 4139 464 4204 sntesertit,
480 4137 556 4210 quod
575 4145 716 4209 oporteret
733 4137 844 4189 omnino
862 4135 916 4194 illis
937 4135 1028 4188 adhuc
1046 4135 1198 4206 sepulcrum

917 4347 951 4413 ὑ
