2742 4617
459 250 672 314 suusnun
703 249 809 316 esus
841 253 866 313 ι.
989 240 991 248 ’
1117 229 1189 312 ι5ι

113 405 197 489 ylo?
238 401 383 465 τοιοῦτον
402 402 440 465 δέ
459 423 487 466 τι
515 401 572 464 καί
590 394 607 462 ἐ
628 400 861 482 χρυσορρῆμων
878 391 1024 482 ’Ῑιοέννης
1043 405 1118 482 περί
1138 408 1198 469 ταῖν

113 503 251 586 ὀργίλων
268 503 408 577 διέξεισι.
451 501 532 585 φησί
550 495 607 562 καί
624 495 685 581 yde
701 492 749 564 ὅτι
772 495 788 562 ἐ
814 495 977 584 προφῆτης
998 499 1121 584 Δανιῆλ
1140 505 1199 584 μί·

111 625 153 685 γα
172 625 204 666 τι
224 602 337 684 χρῆμα
357 600 439 682 lepos
459 595 535 673 τοδς
554 597 705 682 ἀγγέλους
729 592 821 678 εἶναι,
844 595 1060 680 προστάγματι
1082 603 1118 666 δέ
1141 607 1198 664 θε-

111 702 152 762 οῦ
180 703 286 764 πᾶσαν
312 695 372 781 τῆν
398 699 500 762 κτίσιν
535 699 701 779 διαλαχεῖν
725 695 779 762 καί
797 698 860 761 τῶν
881 697 983 762 ἐθνῶν
1003 699 1197 783 ἐπιστατεῖν,

85 797 303 868 Seniensium
329 794 382 860 τὸν
400 797 460 877 μέν
488 794 565 873 τούς
588 799 723 878 Πέρσας
746 797 884 881 ἐφορᾶν,
909 791 961 860 τὸν
985 798 1020 862 δέ
1042 795 1198 882 ἐρχέγγτ·

109 903 166 962 λον
185 894 325 978 Μιχαῆλ
350 892 404 960 τὸν
434 897 469 959 ἐκ
495 897 667 979 περιτομῆς
689 892 764 960 λαὸν
784 903 948 981 φρουρεῖν.
988 900 1142 981 συστῆναι
1161 899 1197 962 δέ

108 1002 173 1070 τοῖς
198 992 330 1079 ἐφόροις
355 988 455 1079 ἄμφω
481 990 748 1077 διαπληκτισμόν,
781 992 819 1057 οδ
850 989 931 1058 κατὰ
953 989 1057 1073 πάθος
1077 995 1197 1080 ὀργῆς,

109 1092 192 1158 stud
212 1091 294 1157 κατὰ
311 1094 402 1156 θεῖόν
420 1116 491 1156 τινα
511 1092 565 1156 κατ’
578 1084 759 1175 α’πδρρητον
778 1092 884 1176 λόγον,
903 1093 961 1155 τοῦ
980 1097 1041 1174 μὲν
1064 1095 1227 1166 ‹lonleii-c

109 1217 157 1257 τιν
176 1194 348 1266 Ἰουδαίους
362 1196 510 1275 Πέρσαις
530 1185 758 1274 ἀναγκάζοντος
778 1191 822 1266 ιδς
845 1192 903 1256 τοῦ
923 1195 1004 1255 θεοῦ
1025 1195 1121 1278 δῆθεν
1142 1220 1198 1261 κα·

69 1290 329 1376 ισταφρονητές,
359 1293 416 1356 τοῦ
447 1292 483 1356 δέ
509 1288 589 1374 πρδς
615 1286 672 1374 τῆν
701 1288 888 1377 ἐλευθερίαν
920 1289 1123 1376 ἀνθέλκοντες
1142 1298 1199 1361 καί

108 1393 249 1472 λέγσντσς
279 1393 440 1470 ,,παῦσαι,
463 1391 604 1476 Περσῶν
630 1389 811 1474 προστάτα·
867 1383 886 1452 δ
915 1388 976 1474 γὰρ
1006 1387 1083 1466 θεὸς
1103 1389 1197 1478 ἔπλη-

107 1494 141 1567 ’ξε
159 1492 221 1569 μὲν
248 1485 510 1574 ἁμαρτάνοντας,
542 1490 828 1576 ἐπιστρεφομένους
857 1491 893 1556 δέ
923 1489 980 1554 nais
1000 1490 1221 1578 α’ποστρέφε-.

107 1591 192 1652 ται,’

182 1682 255 1752 ’Ότι
280 1689 317 1752 δέ
345 1690 433 1762 θεῖος
452 1680 580 1771 ἄγγελος
608 1683 659 1754 ἐνί
689 1681 810 1778 ἐκέστφ
831 1688 1038 1774 προσεδρείεο
1059 1691 1123 1755 ταῖν
1142 1689 1214 1754 nsi

60 1789 189 1854 ιὸστόν
221 1787 363 1870 φυλακῆς
383 1790 503 1870 ἐνεκεν,
530 1786 707 1872 διείληπται
735 1789 794 1868 μὲν
813 1790 870 1852 καί
887 1789 930 1876 τιῆ
948 1788 1075 1878 μεγέλιρ
1092 1792 1195 1854 Βασι-

102 1889 179 1973 λείφ
208 1889 328 1968 λέγονττ
355 1883 421 1966 „nic
446 1884 506 1962 τὰς
532 1888 685 1967 μελίσσας
715 1884 891 1972 φυγαδεέει
924 1883 1042 1960 καπνός
1061 1887 1117 1952 καί
1135 1887 1194 1964 τοὶς

101 1981 289 2068 περιστεράς
313 1986 476 2062 ἐξελαύνει
505 1987 670 2065 δυσωδία,
704 1979 788 2050 οὕτω
819 1972 886 2049 καί
907 1981 960 2050 τὸν
991 1986 1118 2071 φύλακα
1138 1988 1193 2070 τῆς

101 2086 185 2166 ζωῆς
215 2080 306 2166 ἡμῶν
336 2077 468 2166 ἄγγελον
493 2083 514 2168 ἧ
544 2083 744 2168 πολύδακρυς
773 2083 829 2148 καί
857 2081 1001 2167 δυσώδης
1023 2087 1083 2170 ἐφ’
1101 2079 1192 2168 ῆμοῖν

102 2183 258 2265 διίστησιν
278 2178 448 2268 δμαρτία.”
490 2183 553 2266 οδχ
572 2175 666 2269 ἦττον
684 2185 722 2248 δέ
742 2181 782 2248 ul
802 2182 877 2269 περί
897 2181 1009 2248 τοίτου
1029 2179 1085 2248 καί
1101 2171 1191 2270 αδτῷ
1197 2194 1229 2247 V.
1237 2196 1273 2250 62

55 2283 147 2367 υοτηῑ
169 2280 362 2371 θεοδωρῆτιρ
395 2281 581 2365 δεδήλωται.
635 2285 671 2347 ἐν
701 2277 763 2368 γὰρ
790 2285 830 2370 ιη’
857 2284 1071 2368 θεραπευτικῇ
1090 2273 1227 2346 adrodit

100 2374 179 2442 τάδε
200 2381 309 2463 φησίν.
352 2379 561 2464 ‚suspectat
585 2376 730 2462 διάβολος
751 2382 877 2463 λέγεται
897 2383 1098 2461 πεπτωκέναι,
1119 2374 1190 2446 εἶτα

99 2474 183 2542 nard
216 2479 278 2542 τοῦν
305 2475 484 2562 α’νθροέιτων
505 2476 549 2556 ὥς
579 2479 676 2544 εἰκόνι
697 2481 770 2566 θείρι
789 2483 1001 2564 τετιμημένων
1021 2481 1188 2562 λσττῆσαι,

99 2573 157 2641 καί
182 2573 236 2641 τέν
262 2573 345 2641 κατὰ
375 2575 495 2643 τούτων
527 2576 744 2658 α’ναδέξασθαι
766 2575 911 2660 πόλεμον.
951 2577 1043 2644 ἐνθεν
1063 2601 1112 2642 τοι
1132 2579 1190 2644 καί

97 2865 255 2928 coeperunt.
273 2859 413 2910 consimile
421 2859 458 2912 ds
469 2861 571 2930 angelis
582 2861 710 2931 quiddam
722 2861 925 2930 chrysostomus
939 2875 1051 2980 quoque
1069 2877 1185 2916 comme-

95 2937 192 2981 morat
210 2938 304 2992 rates,
320 2931 424 3000 inquit,
443 2931 573 2983 Danielus
597 2933 706 3000 angelos
723 2935 852 2984 esimiurn
871 2929 937 3000 quid
958 2947 1000 2980 am
1018 2947 1074 2983 esse
1093 2933 1186 3000 tradit,

95 3001 199 3072 deique
217 3000 292 3051 iussu
321 3009 469 3052 creaturam
488 3003 638 3054 universam
662 3004 692 3053 ln
710 3019 756 3054 eos
774 3001 964 3063 distributam,
979 3001 1027 3070 qui
1047 3003 1194 3070 nationum¹

94 3085 208 3142 quoque
226 3071 282 3122 sint
297 3072 443 3139 praesides.
460 3074 543 3123 alium
561 3074 589 3124 in
605 3073 696 3125 Persas
716 3073 819 3125 defixos
832 3073 926 3126 oculos
945 3069 1186 3136 hiberniticum-

94 3143 154 3193 lnsn
178 3142 369 3210 archangelum
392 3159 441 3212 pro
466 3142 570 3213 populo
594 3143 751 3196 circumciso
777 3143 904 3194 excubias
927 3159 1014 3211 agere.
1034 3143 1185 3210 quinetiam

94 3214 168 3268 inter
189 3213 334 3282 utriusqus
357 3214 478 3266 nationis
507 3213 645 3282 praesides
670 3214 753 3266 hosce
773 3214 975 3266 contentionem
992 3229 1025 3264 ex
1046 3213 1185 3267 iracundis

94 3283 232 3351 quandam
249 3283 362 3346 oboriri,
379 3283 460 3337 modo
480 3284 587 3336 seilicet
607 3285 770 3355 rationeque
790 3284 882 3336 divino
900 3293 929 3336 et
946 3283 1098 3348 ineffabili,
1119 3283 1184 3337 dsrm

94 3355 144 3405 tlte
170 3353 282 3423 quidem
300 3355 414 3406 Iudaeos
442 3355 529 3407 Persis
557 3357 657 3406 servire
683 3357 757 3425 cogit
784 3365 814 3407 ut
834 3354 879 3406 dei
906 3363 1120 3423 contemptores,
1139 3353 1184 3409 hic

93 3441 157 3476 sero
178 3441 212 3474 ex
232 3426 286 3476 alia
303 3436 380 3494 parte
398 3427 426 3477 in
443 3425 598 3478 libertatem
615 3426 743 3490 vindicat,
761 3443 790 3476 ac
809 3425 884 3478 hisce
900 3425 990 3477 verbis
1009 3427 1093 3476 utitur
1115 3425 1181 3478 Dan.

97 3497 140 3560 ιο)
160 3495 291 3558 ..δεείαε,
310 3495 447 3549 Persarum
467 3511 591 3568 praeses:
618 3513 680 3548 nam
699 3505 842 3566 peccantes
860 3495 970 3566 quidem
991 3495 1041 3546 hos
1058 3513 1101 3546 mu
1117 3497 1183 3552 tevit

90 3565 257 3634 adtlixitque
275 3566 343 3618 deus
355 3605 362 3629 ,
376 3585 466 3620 verum
485 3567 520 3619 ad
538 3585 567 3620 se
585 3585 726 3620 conversos
744 3585 799 3620 non
818 3567 979 3620 aversatur.''

161 3639 219 3686 lsm
240 3637 352 3704 singulis
371 3639 453 3690 etiam
471 3638 595 3690 fidelium
614 3637 710 3690 adesse
736 3637 874 3690 custodiae
892 3653 970 3689 causa
991 3634 1110 3688 divinum
1133 3655 1182 3690 an-

86 3707 196 3770 gelum,
213 3723 325 3774 magnus
350 3709 398 3759 ille
416 3711 530 3761 Basilius
557 3710 629 3761 intes·
646 3710 714 3760 alios
736 3709 855 3760 tradidit
872 3705 1118 3778 quemadmodum,
1138 3711 1182 3761 in-

85 3778 167 3844 quit,
186 3794 251 3846 apes
268 3779 356 3846 abigit
374 3781 461 3830 tumus
481 3789 509 3832 et
523 3779 662 3831 columbas
681 3779 799 3848 depellit
815 3781 918 3842 foetor,
938 3777 977 3828 sic
995 3785 1023 3830 et
1040 3779 1111 3830 sitae
1129 3797 1180 3831 no-

86 3857 162 3897 strae
190 3847 329 3900 custodem
353 3850 479 3916 angelum
512 3852 605 3903 multis
635 3849 831 3919 deplorandum
861 3849 984 3915 lacrymis
1018 3849 1180 3920 lnetensque

83 3925 231 3984 peccatum
260 3937 276 3968 a
298 3919 377 3971 nobis
400 3921 526 3990 seiungit.
553 3921 627 3972 idem
655 3930 684 3973 et
710 3920 893 3972 'theodoritus
923 3919 1032 3971 indicat.
1054 3925 1124 3972 'num
1151 3922 1180 3974 in

83 3987 291 4057 'l'lserapeutica
304 4007 352 4041 sua
371 3990 459 4042 verbis
478 3991 551 4042 lsisce
570 3993 657 4044 utitur
674 3992 779 4054 „elatus
798 3990 1068 4058 superbia-diabolus
1088 3991 1179 4060 lapsus

82 4075 147 4110 esse
166 4059 270 4121 fertur,
289 4077 320 4110 ac
346 4060 475 4131 deinceps
500 4063 629 4114 adversus
647 4061 769 4114 homiues
790 4069 933 4114 exornatos
952 4062 1067 4129 imagine
1086 4061 1177 4112 divina

80 4129 180 4183 lurore
200 4129 320 4202 quodam
341 4132 479 4198 exarsisse,
495 4131 655 4205 bellumque
672 4131 800 4190 adversus
816 4133 890 4204 ipsos
906 4133 1062 4204 suscepisse.
1079 4130 1129 4182 hac
1141 4129 1176 4182 de
