2742 4617
440 208 652 275 iuuentuti
691 211 795 277 ctus
822 214 876 277 ιν.
1099 192 1185 304 497

96 358 212 443 ἐφίλει
234 354 333 439 αίιί,
352 357 408 423 καί
427 364 526 425 ταῦτα
549 362 746 447 φιλοβίνετος
775 352 854 451 ὄν),
875 363 1010 445 „riseri
1031 370 1188 449 βασιλέως

96 455 228 540 ποιήσω
247 460 401 541 θίλημαί·
454 461 575 541 γίνεται
594 465 713 543 reden,
735 467 792 527 καί
810 465 846 526 ἐν
866 465 952 552 αιίτρῖ
971 468 1015 552 τῷ
1032 470 1186 553 βασιλικῷ

96 558 281 637 καθιῖιμαιι
296 562 356 621 τοῦ
375 560 604 645 διαληφθέντος
618 556 705 627 οἴκου
725 559 745 645 ἢ
765 558 1079 647 διὰαρασιςγίγονεν.
1100 564 1181 631 ἄλλα

95 658 161 721 καί
191 654 244 721 ded
277 656 313 723 τὸ
346 656 391 741 μὴ
419 661 618 745 βλασφημεῖν
647 657 724 737 σούς
750 661 851 726 ἐκεῖσε
877 662 1049 743 κάμνοντας
1068 667 1184 747 νουγυα

62 755 186 837 §apic
211 750 348 841 ἑσπέραν
376 758 503 841 imbrus
539 760 583 847 aqi
607 758 759 845 χώματι,
798 762 855 825 καί
878 758 1072 848 εὑρίσκοντες
1100 766 1181 831 αίια

94 852 183 935 μετὰ
205 860 310 940 χαρᾶς
328 850 527 941 ιῖνιεχαίρουν.

181 953 233 1019 Ἔν
252 952 354 1044 ἤμέρρ
368 954 531 1039 σαββάτου
555 954 635 1041 πρὸς
647 955 681 1023 τὸ
694 952 821 1042 ἄριστον
832 958 975 1044 ίαῆλθον
996 958 1048 1025 ded
1067 959 1182 1044 τάχους

96 1050 130 1117 οῖ
152 1050 337 1136 κάμνοντες,
354 1052 411 1120 τὸν
431 1046 490 1119 iou*
512 1056 794 1142 αρωτομαϊσιόρου
813 1055 886 1123 uiris
902 1060 1035 1145 α’φὲνεες
1054 1064 1099 1136 εἰς
1118 1086 1181 1147 ‹pu-

95 1150 200 1236 λακῆν
221 1150 278 1239 τὴν
301 1154 478 1237 ἐργαλείων.
528 1152 630 1233 είθύς
659 1158 825 1244 &prirentur
843 1155 992 1240 ἄγγελος,
1013 1163 1219 1243 χολοῦσαι,ιι·

44 1253 218 1331 corriperes
238 1251 315 1337 πρὸς
337 1254 474 1328 ἐκείνους
498 1250 612 1321 αὐτόν·
654 1253 671 1319 d
694 1257 725 1321 d'
752 1249 790 1320 od
812 1260 968 1323 πείθεται.
1008 1252 1141 1339 ὄμνυσιν
1162 1260 1181 1323 d
1192 1286 1195 1291 ·

96 1341 230 1433 ἄγγελος
249 1349 315 1433 „ud
335 1351 393 1438 τήν
414 1348 507 1436 ἁγίαν
525 1356 642 1441 σοφίαν
655 1350 780 1437 τὴννῦν
798 1358 989 1441 κσιζομὲννγν,
1008 1352 1077 1441 ἥτις
1094 1358 1181 1424 ἐστίν

96 1447 117 1512 ὁ
139 1448 230 1532 λόγος
249 1452 309 1515 rori
329 1454 424 1534 θεοῦ,
445 1452 504 1515 oriar
533 1453 713 1540 α’φίσιαμαι
735 1456 799 1517 ruis
820 1444 905 1535 aits,
924 1458 956 1521 εἰ
973 1453 1019 1539 μὴ
1041 1453 1181 1540 λαλήσας

95 1549 238 1626 ἐκείνους
264 1544 507 1644 ίαοστρίυεις.”
556 1548 711 1637 μηνίεται
729 1553 830 1617 eurise
849 1556 895 1640 ιρῑ
912 1558 1050 1635 βασιλεῖ.
1090 1556 1179 1620 στίλ-

98 1652 188 1713 λεται
217 1650 361 1731 α’λλαχοῦ
392 1649 409 1714 d
437 1654 500 1715 scis
527 1652 697 1737 ἐργαλείων
729 1650 834 1739 φύλαξ
863 1651 962 1737 χάριν
983 1657 1041 1719 τοῦ
1058 1652 1104 1739 μὴ
1125 1653 1180 1719 τὸν

50 1751 190 1814 isodorus
206 1750 328 1813 ἐκεῖθεν
349 1750 555 1835 ἀναχωρῆσαι
575 1745 716 1835 ἄγγελον.
765 1757 820 1818 καί
838 1747 936 1828 αὖθις
956 1752 1031 1837 περί
1048 1752 1087 1819 τοὶ
1106 1755 1180 1837 τέλη

98 1848 155 1911 τοῦ
183 1851 369 1929 κτίσματος,
401 1848 602 1932 ἀθυμοῦντος
627 1851 682 1914 τοῦ
702 1852 858 1933 βασιλέως
890 1854 1027 1935 χρυσίου
1056 1854 1180 1930 ἕνεκεν,

98 1946 271 2031 ἐφίσταταί
288 1970 337 2022 τις
357 1946 510 2031 ειίνοῦχος
528 1952 626 2033 λέγων
643 1950 729 2036 αὐτῷ
746 1948 823 2032 „dds
836 1972 892 2030 μοι
911 1949 1106 2034 ἀνθρώπους,
1127 1956 1182 2017 καί
1201 1954 1206 1961 “

98 2047 225 2125 παρέξω
253 2069 303 2109 σοι
333 2050 466 2133 χρυσίον
492 2044 633 2113 ἱκανόν.”
681 2051 736 2113 καί
756 2046 774 2112 d
793 2052 854 2130 μὲν
872 2043 1063 2130 εἰσέρχεται,
1089 2048 1119 2114 οἱ
1142 2052 1179 2114 dd

99 2141 335 2209 ἀκολουθοῦσιν.
388 2142 503 2229 ὁρῶσιν
526 2144 678 2229 οίκὴματα
709 2150 861 2231 λαμπρά,
882 2150 1018 2232 χρυσίον
1035 2151 1086 2213 s’n'
1104 2147 1205 2214 tto-c

51 2262 161 2328 ισφος
180 2240 273 2307 aoid.
296 2245 508 2327 λαμβάνουσιν
528 2245 607 2313 ὡσεί
625 2247 810 2332 κεντηνιίρια
826 2246 867 2328 rs',
889 2249 945 2312 καί
961 2247 1179 2335 ὑποστρέφου-

170 2445 211 2481 no.
233 2428 274 2505 α’]
294 2428 342 2501 ρρ”
361 2430 407 2481 alii
425 2428 537 2485 codices.

102 2597 247 2670 gebantur,
265 2618 324 2653 cum
342 2601 502 2654 Antiochum
522 2604 551 2655 iu
568 2602 719 2655 custodiam
740 2600 798 2653 dari
816 2600 956 2671 praecipit
978 2606 1037 2653 tum
1057 2598 1105 2651 ilie
1122 2600 1178 2652 eia·

102 2687 188 2735 mare,
208 2672 230 2721 ri
248 2677 366 2741 potestas
387 2673 526 2741 spectandi
550 2674 629 2726 ludos
647 2680 786 2743 equestres
808 2672 860 2724 sibi
881 2672 975 2734 fieret,
996 2672 1131 2724 voluntati
1148 2688 1178 2722 se

101 2744 267 2811 imperatoris
286 2742 549 2812 obtemperaturum:
569 2762 632 2796 nam
648 2746 681 2796 iis
694 2743 806 2796 mirifice
827 2742 1023 2804 obiectabatur,
1040 2750 1068 2792 et
1087 2744 1179 2794 Vene-

101 2824 185 2865 torum
205 2814 360 2882 praesertim
378 2814 498 2883 partibus
514 2814 714 2868 addictissimus
730 2823 796 2867 erat
814 2813 941 2883 impetrat
957 2828 1019 2878 ergo
1037 2810 1112 2881 quod
1128 2828 1178 2863 ro.

103 2882 188 2943 lebat,
206 2892 235 2935 et
253 2886 287 2935 ad
314 2886 400 2953 ipsum
421 2886 489 2937 ndeo
508 2886 595 2937 locum
618 2886 703 2937 sellae
725 2885 914 2955 imperatoriae
938 2882 1034 2933 domus
1055 2882 1177 2933 indicata

101 2954 231 3005 venditur.
250 2956 331 3006 etium
361 2954 437 3006 aliud
459 2955 586 3025 quiddam
613 2956 777 3008 {cruciacus
813 2952 990 3021 excogitabat„
1021 2952 1121 3003 etenim
1145 2962 1176 3005 ut

103 3026 222 3093 operarii,
238 3026 286 3095 qui
303 3024 465 3079 luborabunt
481 3028 510 3077 iu
524 3026 703 3079 construendo
715 3027 824 3095 tempto,
841 3027 908 3077 citra
926 3021 1051 3094 quereias
1064 3030 1093 3073 et
1109 3038 1174 3073 con-

102 3096 167 3145 uicia
184 3096 303 3149 facerent
319 3096 443 3159 odicium,
460 3098 584 3149 cumulos
605 3096 737 3166 quosdam
755 3112 868 3167 vespere
878 3093 1019 3165 spargebat
1037 3092 1068 3144 in
1085 3092 1173 3157 iussis,

104 3165 197 3233 quibus
217 3166 259 3218 iili
278 3168 390 3235 repertis
411 3166 508 3219 hilares
525 3166 709 3220 discedebant

168 3236 272 3289 Accidit
289 3236 479 3309 aliquandout
495 3238 539 3290 die
556 3238 661 3289 sabbati
679 3237 715 3289 ad
730 3237 871 3306 prandium
888 3233 969 3287 citius
985 3232 1100 3301 operarii
1117 3232 1173 3284 dis-

104 3305 241 3371 cederent,
265 3310 465 3377 protomaistori
493 3310 550 3359 tilio
566 3308 601 3359 ad
626 3310 863 3360 instrumentorum
889 3302 1038 3359 custodiam
1067 3304 1170 3354 relicto.

104 3394 160 3427 mox
176 3377 288 3445 angelus
306 3379 422 3443 accedit,
452 3387 481 3431 et
497 3378 717 3449 indignabundus
741 3377 876 3429 bominem
893 3377 929 3427 ad
945 3374 1080 3442 operarios
1097 3374 1172 3424 abire

103 3448 182 3503 iubet.
205 3468 237 3501 eo
264 3466 320 3501 non
345 3448 546 3519 obtemperante
568 3448 752 3502 iusiursndum
774 3448 865 3500 verbis
883 3444 1035 3499 huiusmodi
1054 3445 1173 3513 concipit

102 3534 162 3587 „per
179 3530 371 3573 sacrosanctam
392 3522 451 3572 iuro
472 3522 639 3590 sapientiem,
658 3534 728 3589 quac
744 3535 816 3571 nnnc
833 3518 972 3577 extruitur,
990 3514 1034 3566 dei
1046 3515 1172 3565 nimirum

103 3604 263 3653 sermonem,
291 3589 354 3642 binc
378 3608 422 3643 rue
436 3592 510 3660 prius
535 3608 591 3643 non
616 3588 794 3641 discessurum
816 3606 897 3659 quam
923 3596 1017 3639 tucos
1036 3585 1170 3636 allocutus

103 3658 151 3711 buc
167 3660 301 3712 redieris.”
318 3677 388 3731 quae
405 3678 465 3713 cum
483 3662 633 3713 renuntiata
653 3661 805 3730 imperatori
834 3668 939 3717 essent,
960 3656 1016 3707 alio
1032 3654 1171 3707 custodem

103 3731 329 3782 instrumentorum
355 3732 502 3801 ablegavit,
518 3748 553 3783 ue
576 3730 683 3782 divinus
707 3730 818 3798 angelus
836 3731 912 3781 iiiinc
931 3726 1089 3778 discederet.
1111 3742 1171 3776 rnr-

103 3818 154 3851 sum
171 3798 218 3850 nbi
241 3809 372 3854 structura
388 3820 436 3871 pro
458 3802 580 3853 cmodum
599 3809 670 3853 esset
695 3800 730 3852 ad
748 3800 829 3851 finem
847 3799 990 3868 perducta,
1008 3798 1171 3866 imperatore

104 3870 135 3922 de
150 3886 214 3921 auro
230 3872 363 3936 sollicito,
380 3820 488 3944 quiddam
507 3870 644 3925 eunuchus
661 3870 695 3922 nd
712 3887 774 3923 eum
786 3871 897 3923 ueniens
908 3870 980 3921 viros
998 3867 1103 3935 atiquot
1119 3866 1181 3917 sdae

103 3946 169 4014 iungi
194 3945 245 3998 sibi
270 3944 366 3997 iubet:
395 3946 496 4013 quippo
523 3944 587 3996 sutis
611 3944 669 3993 auri
699 3942 901 4011 seimperatori
928 3938 1168 4009 suppeditaturum.

105 4018 177 4081 igitur
193 4018 271 4067 ilium
291 4014 434 4067 abeuntem
452 4015 577 4067 nonnulli
598 4013 718 4065 comitati
729 4012 872 4082 splendida
892 4008 1025 4081 quaedam
1045 4007 1169 4059 aedificis

104 4088 278 4155 conspiciunt,
308 4096 444 4141 eteorum
475 4086 503 4138 in
523 4084 678 4159 parimento
694 4085 750 4137 rim
768 4085 824 4137 suri
841 4082 996 4145 maximam,
1013 4079 1086 4135 unde
1105 4094 1167 4131 curn

158 4194 263 4263 Glycrts.
941 4186 976 4237 3²
