2742 4617
94 245 97 251 ’
198 225 284 329 ίιε
555 253 771 320 urcuuuus
799 254 961 318 curcur

202 401 323 470 κάτεισι
342 403 380 469 dl
399 403 480 488 πρὸς
499 399 556 467 eds
575 399 677 489 ᾅδην,
708 401 761 468 luc
781 401 838 482 καί
863 409 930 478 τοϊς
952 405 1052 466 ε’κεῖστ
1073 401 1302 482 κατεχομένοις

84 563 89 573 ,
204 500 323 591 κηρύξη
344 506 401 567 καί
419 500 530 589 διδάξῃ
543 503 663 578 πάντας
682 502 722 588 ἢν
742 502 911 586 ἠγνοήκασι
924 505 1118 582 θεοσέβειαν.
1164 499 1221 564 καί
1231 505 1302 562 uei·

176 607 267 668 (ἶθσυ
294 604 340 690 τῷ
366 605 532 691 κσρυφαίιρ
553 607 669 689 Πέτρην
697 599 774 686 τιερί
797 597 918 666 τούτων
943 597 1028 665 σύτω
1050 597 1197 678 διεξιόντι
1224 603 1305 678 ,,και“

204 711 271 776 τοῖς
302 703 338 766 ἐν
366 702 494 789 φυλακῇ
524 699 680 782 πνεύμασι
709 701 880 782 πορευθείς
914 698 1064 784 ἐκήρυξεν
1101 694 1307 782 desidiose(

203 802 306 867 τιοτε.”
348 793 430 864 itte
461 798 518 865 καί
536 798 555 864 o‘
574 799 723 884 θεολύησς
743 801 774 864 Γ
772 793 915 886 ρηγύριος
934 800 1082 863 ἐντεῦθεν
1110 795 1328 880 equitumue

202 898 277 982 περί
301 896 421 964 τούτων
450 895 538 965 ούτω
555 899 654 986 φησίν
682 891 772 984 „tipo
791 899 911 974 πάντας
939 895 1057 962 ἔσωσεν
1075 899 1246 982 σἀιφανείς
1267 901 1302 960 ἐν

205 994 268 1087 git,
290 995 307 1062 ύ
333 997 465 1082 κύριος,
499 993 523 1082 ἢ
551 999 644 1062 adest
661 996 737 1074 τούς
755 997 1017 1076 τιτοτεύσανταςς”
1048 995 1093 1081 μὴ
1118 990 1176 1059 οὖν
1196 995 1303 1082 α’μφί-

207 1104 324 1182 dalla·
364 1096 510 1185 καθάπερ
541 1096 604 1182 γὰρ
624 1105 690 1174 ταῖς
710 1099 745 1163 ἐν
764 1099 805 1185 γῇ
825 1091 1053 1181 εύαγγελίσατο
1072 1092 1221 1181 εἰρήνην,
1245 1100 1303 1158 καί

208 1209 276 1274 τοῖς
295 1200 356 1281 μὲν
374 1196 564 1264 πιστεύσασι
583 1199 743 1284 σωτηρίας
760 1202 866 1281 γέγονε
888 1195 1037 1281 πρόξενος
1058 1205 1124 1272 τοῖς
1147 1197 1184 1260 δὲ
1206 1191 1302 1258 ἆττει.

209 1297 350 1381 θύσασιν
369 1297 520 1374 αἀιστίας
538 1296 676 1383 ἔλεγχος,
697 1295 771 1372 ούςύ
789 1293 1001 1380 Δαμασκηνὸς
1017 1295 1168 1380 Ἰωάννης
1190 1297 1303 1381 φησίν,
1317 1325 1348 1365 ω

212 1394 298 1462 ούτω
319 1395 376 1462 καί
394 1405 460 1474 τοῖς
482 1399 517 1463 ἐν
536 1392 611 1486 dig.
652 1396 699 1482 μή
724 1395 873 1501 θρύμαζε
893 1399 938 1478 δέ,
963 1397 1126 1480 α’γαττητέ,
1153 1393 1220 1478 εἴγε
1250 1401 1306 1459 καί

179 1498 326 1580 υψυχαί
349 1519 432 1572 τινες
451 1499 495 1582 Ιίν
513 1494 574 1586 {dp
595 1497 803 1580 κατεχόμεναι
822 1495 857 1562 τύ
879 1495 957 1562 κατύ
981 1493 1127 1582 Χριστόν
1148 1495 1209 1558 oriz
1226 1495 1306 1578 η’θέ·

212 1603 313 1680 λησαν
330 1598 485 1675 δέξασθαι
501 1598 664 1684 κη’ρυγμα·
706 1593 851 1684 καθάπερ
876 1597 930 1662 ἐστι’
947 1597 1009 1660 τού
1024 1597 1185 1681 μακαρίου
1205 1594 1307 1662 ssed·

211 1703 281 1772 lov,
301 1695 394 1780 ἡνίκα
416 1695 456 1761 τοὶ
478 1699 535 1782 τῆς
554 1699 700 1784 φυλακῆς
720 1695 992 1778 testaceorum,
1022 1692 1039 1760 ὅ
1060 1699 1120 1777 μὲν
1140 1691 1306 1780 δεομοφύ-
1361 1739 1362 1744 1

212 1801 272 1876 λαξ
300 1797 422 1873 ευθέως
450 1799 654 1879 ἐπίστευσεν,
685 1795 716 1862 oi
738 1797 773 1860 dl
795 1797 957 1878 δεσμῶται
984 1800 1022 1883 τῇ
1042 1793 1170 1882 α’ττιστίρ
1191 1797 1303 1860 ε’ναντέ-
1317 1800 1347 1859 ι5

212 1919 341 1979 μειναν,
361 1899 417 1963 καί
435 1901 538 1963 ταῦτα
556 1895 616 1974 τὰς
642 1897 777 1982 σιδηροῖς
799 1895 885 1985 αύτῷ
912 1897 1106 1980 χειροαίύας
1125 1892 1306 1979 ἑωρακότες
1361 1945 1362 1958 t

213 1989 307 2084 ἄφνω
322 2000 559 2082 διαρραγείσας,
575 1993 660 2062 σύτω
673 1999 731 2061 κιίν
742 2005 806 2074 τοϊς
821 2000 855 2063 ἐν
870 1991 949 2085 ᾅδου
960 1993 1151 2080 γενησεσθαι
1162 1998 1306 2059 πίστευε.
1361 1979 1362 2010 ¹

298 2101 340 2165 Et
361 2099 398 2162 dl
419 2099 476 2162 καί
493 2095 551 2181 την
572 2096 676 2163 αἰτίαν
694 2096 801 2178 βούλει
821 2103 939 2177 μαθεῖν
971 2096 1014 2161 δι’
1036 2095 1075 2179 ἢν
1099 2095 1232 2178 ἐκήρυξε
1251 2097 1309 2158 καί
1361 2103 1362 2130 ¹

214 2205 286 2273 ταίς
309 2199 344 2264 ἐν
359 2191 442 2284 ᾅδου
464 2193 622 2279 ψυχαῖςύ
649 2196 772 2280 σωτήρ,
805 2189 888 2279 αύτη
915 2195 1008 2262 ε’στίν.
1047 2196 1082 2260 ἓν
1101 2199 1147 2282 aqi
1167 2191 1217 2278 εφ’
1242 2191 1306 2256 ἔτει

105 2315 134 2369 Ρ.
154 2330 204 2369 aaa
212 2299 336 2380 ydrum
364 2296 386 2382 ἡ
413 2297 472 2360 τοῦ
498 2297 643 2380 σωτῆρος
671 2295 762 2380 ἡμῶν
783 2295 1037 2382 ίνσνθροίαησις.
1078 2294 1161 2370 τίνος
1182 2291 1286 2356 ἕνεκεν
1293 2315 1347 2370 ςτο

287 2443 326 2498 13.
348 2441 490 2520 καθάπερ]
511 2441 581 2498 dlld
601 2443 756 2516 καθύπερῒ

214 2568 287 2620 enim
305 2568 386 2637 gratis
406 2575 435 2620 et
453 2569 550 2620 frustra
567 2585 616 2638 pro
637 2567 716 2620 nobis
737 2575 778 2621 eet
794 2576 922 2621 mortuus.
946 2566 980 2619 ad
998 2583 1089 2619 orcum
1107 2582 1171 2619 vero
1191 2565 1306 2619 descen-

214 2639 257 2692 dit
274 2640 391 2710 (a'Petr.
412 2641 428 2690 3
451 2640 509 2708 19),
536 2648 568 2690 ut
590 2641 671 2692 etiam
698 2641 731 2691 iis
777 2641 804 2692 ui
828 2640 889 2692 istic
911 2639 1098 2692 detinerentur
1124 2637 1306 2708 praedicaret„

214 2728 247 2763 ac
263 2710 417 2778 religiosam
433 2709 509 2762 illam
528 2711 658 2779 pietatem
675 2659 799 2763 doceddo
813 2719 1035 2763 commonstraret
1048 2727 1129 2782 quum
1141 2709 1215 2779 prius
1225 2711 1306 2778 iguo-

215 2789 326 2834 rassent.
343 2779 488 2832 fidemhac
505 2782 535 2832 in
556 2791 634 2851 parte
651 2800 754 2836 summo
781 2783 821 2834 illi
843 2784 922 2836 Petro
945 2781 1062 2846 habeto,
1089 2785 1137 2852 qui
1158 2781 1195 2832 de
1222 2781 1307 2832 rebus

215 2851 292 2905 hisce
312 2853 341 2904 in
360 2851 434 2904 huuc
453 2851 563 2904 modum
582 2852 693 2906 disserit
710 2855 810 2918 „etiarn
828 2853 968 2924 spiritibus
988 2855 1036 2922 qui
1057 2861 1133 2904 eraut
1152 2851 1306 2902 incarcere

215 2921 401 2996 praedicatum
419 2923 478 2987 ivit,
495 2923 543 2994 qui
561 2933 641 2976 antea
662 2923 745 2977 fidem
765 2941 820 2978 non
840 2925 1017 2977 habuerant’n
1044 2941 1114 2994 quae
1139 2939 1205 2974 cane
1222 2922 1309 2974 rerba

216 3003 324 3049 secutos
343 2993 488 3063 Gregorius
506 2995 556 3046 ille
573 2995 727 3065 theologus,
746 2997 775 3048 iu
793 2997 864 3047 huuc
881 2995 991 3047 modum
1009 2993 1060 3046 huc
1077 2993 1111 3046 de
1126 3009 1155 3046 re
1169 2993 1306 3064 disputat:

215 3083 282 3119 uum
300 3081 403 3136 quaeso
418 3075 577 3134 conspectus
595 3067 624 3117 iu
643 3083 708 3118 orco
726 3067 839 3119 salvavit
857 3083 950 3119 omnes
970 3065 1106 3132 domiuus,
1126 3081 1161 3116 an
1180 3081 1227 3116 eos
1246 3074 1308 3116 tau-

216 3145 275 3189 tum
296 3138 345 3206 qui
360 3136 552 3190 crediderant?
577 3137 637 3188 noli
654 3137 760 3190 scilicet
778 3138 828 3190 hac
847 3139 882 3191 dn
901 3155 930 3190 re
950 3137 1093 3206 ambigere.
1127 3135 1308 3206 quemadmo-

217 3207 283 3260 dum
301 3210 375 3261 euim
391 3206 551 3260 hominibus
568 3209 598 3260 in
613 3216 685 3260 terra
697 3208 858 3278 degentibus
876 3210 978 3261 laetum
995 3210 1067 3278 pacis
1082 3209 1209 3260 nuntium
1221 3223 1308 3276 expo-

218 3280 292 3343 suit,
319 3288 348 3332 et
370 3278 544 3331 credentibus
561 3279 673 3350 quidem
690 3279 786 3332 salutis
808 3281 912 3333 exstitit
932 3289 1043 3344 auctor,
1068 3279 1216 3331 incredulis
1240 3294 1307 3329 sero

217 3349 345 3420 propriae
361 3349 560 3402 incredulitatis
579 3349 672 3414 index,
691 3359 724 3403 ut
740 3351 874 3404 lohannes
897 3353 1076 3402 Damascenus
1101 3351 1241 3419 loquitur,
1268 3350 1307 3401 ita

219 3439 281 3473 cum
305 3423 340 3474 iis
366 3422 447 3474 etiam
471 3423 527 3490 egit
549 3423 597 3490 qui
614 3430 692 3475 erant
709 3424 739 3474 iu
760 3439 830 3476 orco.
853 3437 905 3474 nec
922 3424 1036 3486 mirum,
1053 3421 1154 3472 dilecte
1170 3421 1226 3483 tili,
1254 3420 1307 3470 tibi

219 3492 344 3544 rideatur
368 3491 497 3563 quasdam
524 3493 554 3544 iu
581 3509 644 3546 orco
669 3492 794 3546 detentas
818 3495 920 3545 animas
945 3491 1305 3564 praedicationem'Christi

219 3579 394 3634 nequaquam
417 3565 565 3617 admisisse.
596 3565 674 3617 Sicut
700 3565 772 3618 euim
800 3564 929 3620 accidisse
953 3564 1075 3616 videmus
1102 3572 1133 3615 ut
1155 3561 1207 3614 deo
1229 3561 1307 3614 Pauli

220 3651 302 3686 causa
320 3635 488 3688 succutiente
514 3636 573 3705 ipsa
598 3636 710 3689 carceris
737 3635 912 3688 fundamenta
932 3645 1022 3687 custos
1042 3633 1151 3704 quidem
1171 3635 1231 3702 ipse
1249 3651 1308 3685 cor·

222 3707 291 3756 ceris
311 3703 443 3758 continuo
470 3705 552 3758 fidem
570 3707 792 3776 amplecteretur,
821 3716 849 3759 nt
868 3707 967 3776 reliqui
984 3707 1100 3758 vinculis
1116 3703 1241 3758 adstricti
1260 3721 1306 3754 ιιιο

223 3777 399 3844 persisterent
422 3779 452 3829 in
476 3776 686 3842 incredulitate,
712 3795 865 3850 quanquam
890 3776 999 3848 pedicas
1018 3794 1080 3828 suos
1097 3776 1199 3827 ferreas
1217 3775 1308 3826 subito
1361 3785 1362 3808 ι

224 3847 348 3915 diruptas
364 3848 548 3918 laceratasque
566 3857 716 3914 cernerent,
736 3849 775 3902 ita
792 3857 887 3922 putato
903 3865 964 3900 eum
982 3849 1015 3899 iis
1033 3847 1114 3900 etlam
1124 3855 1215 3900 actum
1225 3845 1308 3896 fuisse

221 3919 270 3989 qui
288 3935 352 3970 orco
371 3919 575 3978 detinebantur,
1255 3930 1259 3940 ’

147 3999 152 4005 ·
292 3987 400 4056 Quodsi
417 4007 524 4042 eausam
544 4007 656 4060 quoque
678 3991 756 4060 cupis
774 4003 951 4058 cognoscere,
967 4003 1021 4057 qua
1040 3985 1073 4038 de
1092 4003 1171 4038 eausa
1189 3993 1307 4038 serrator

221 4059 304 4109 etiarn
323 4059 357 4110 iia
374 4061 517 4112 animabus
533 4061 729 4128 praedicaverit
749 4077 819 4131 quae
837 4068 914 4110 erant
930 4061 960 4110 in
977 4075 1050 4122 orco,
1069 4059 1136 4110 scito
1153 4057 1230 4110 illam
1242 4056 1307 4107 hauc

223 4145 289 4183 esse.
318 4137 440 4182 mearam
457 4140 576 4183 αοιιτιιο
587 4141 707 4185 serrator
723 4131 873 4202 adsumpsit
887 4143 959 4183 auno
976 4129 1010 4182 ab
1025 4129 1091 4182 orbe
1110 4129 1308 4185 contimtum.
