2742 4617
464 310 678 374 mumruu
709 311 810 373 vius
842 313 867 371 r.
1128 307 1199 388 19¹

108 469 258 548 λέγουσιν
284 459 393 546 ,εἴπερ
426 456 497 549 ᾔδει
518 460 536 526 ὅ
559 457 646 537 θεὸξ
659 461 715 528 τὸν
732 459 838 542 ’Λθάμ
865 457 923 547 τὴν
943 459 1069 546 ἐντολήν
1088 483 1123 526 τε
1141 486 1203 524 πα.

110 567 307 646 ραβαίναντα
336 565 391 626 καί
417 566 477 626 τοῦ
505 563 705 644 παραδείσου
738 564 908 644 τηνικαῦτα
940 559 1143 641 ἐκπίπτοντα,
1172 564 1209 625 τί

110 661 231 748 δήποτε
252 655 437 744 παρήγαγεν
457 659 572 742 aritio,
593 654 615 745 ἢ
636 657 697 746 γὰρ
730 659 793 726 ἔδει
813 660 858 745 μὴ
878 668 1072 745 παραγαγεῖν
1092 655 1203 742 αι’τόν,

109 757 133 844 ἢ
153 765 364 848 παραχθέντα
385 764 526 826 κωλῦσαι
545 765 600 845 τῆς
620 759 876 845 ἅπηγυρευμένης
891 763 1009 844 ἐκείνης
1022 755 1289 842 βρώσεως.”ῖ.ηθ

81 857 195 946 5οἷφες
215 857 348 944 αὐτούς,
377 857 441 944 εἴγε
472 858 667 926 τὰτοιαῦτα
698 861 872 946 φρονοῦσι,
897 863 1012 924 πείθου
1033 860 1206 940 δὲμᾶλλον

108 963 157 1048 τῷ
187 957 342 1048 θειοτάτῳ
365 963 395 1024 Γ
394 961 530 1048 ρηγορίην
560 962 604 1046 τῷ
625 957 759 1043 Νίσσης
794 955 878 1025 οὕτω
909 961 1028 1041 λέγοντι
1058 951 1126 1042 ,ὅτι
1146 960 1207 1041 μὲν

109 1060 343 1146 έκτραπησεται
367 1061 426 1124 τοῦ
445 1059 625 1143 ιίγάθοῦ.το“
648 1058 862 1144 α’νθριέπινον,
882 1061 939 1124 ου’κ
960 1055 1111 1144 η’γνόησεν
1131 1055 1147 1123 ὃ
1167 1058 1208 1126 roi

108 1160 215 1225 πάντα
237 1158 330 1234 είθώς
348 1160 432 1236 θεός.
475 1157 532 1224 oin
553 1156 693 1224 ε’κιέλυσε
724 1161 771 1224 δέ·
814 1156 922 1242 οίσπερ
940 1157 1002 1242 γὰρ
1021 1158 1080 1242 την
1104 1185 1210 1244 παρα-

108 1258 231 1344 τροπῆκ
250 1256 430 1340 ε’θεοίσατα,
450 1256 534 1325 οὕτω
555 1257 612 1344 τὴν
634 1259 803 1344 α’νοίκλησιν
824 1258 927 1324 αὐτοῦ
941 1258 1036 1324 πάλιν
1055 1254 1113 1343 την
1133 1256 1239 1344 πρόςῦ

65 1357 149 1425 voti
171 1356 299 1443 ἀγαθὸν
316 1358 497 1443 κατενόησε.
537 1360 574 1424 τί
593 1350 669 1438 odo,-
691 1353 820 1440 ἔμειναν
840 1352 882 1445 ἧν
902 1356 1042 1423 καθόλου
1064 1355 1108 1444 μη
1132 1361 1211 1444 α’γα-

112 1469 183 1545 γεῖν
201 1458 260 1543 τὴν
279 1453 379 1546 φύσιν
398 1458 489 1543 ἡμῶν
508 1461 553 1532 εἰς
573 1460 711 1541 γένεσιν,
736 1457 843 1542 ἐπειδὴ
872 1461 930 1523 τοῦ
955 1462 1055 1524 καλοῦ
1073 1461 1211 1544 διαμαρ·

115 1558 212 1627 τόντα
232 1561 371 1642 προέγνω
390 1557 445 1622 τὸν
464 1551 651 1639 ἄνθρωπον,
679 1553 702 1641 ἢ
722 1561 930 1642 παραχθέντα
952 1559 1009 1623 καί
1026 1558 1212 1643 νενοσηκότα

115 1658 214 1724 πάλιν
233 1655 315 1740 πρὸς
332 1655 392 1741 τήν
412 1659 445 1734 ἐξ
461 1659 563 1740 ἀρχῆς
583 1652 682 1742 χάριν
710 1655 763 1720 διὰ
784 1661 954 1739 μετανοίας
973 1659 1210 1738 ἐπανακαλέσα-

115 1763 218 1837 σθαι,·
239 1751 362 1834 πάντας
379 1753 413 1820 ri
439 1753 598 1840 δεύτερον.
639 1749 797 1831 diiuncto
819 1755 873 1821 διὰ
891 1756 949 1843 τήν
970 1757 1070 1822 αὐτοῦ
1091 1753 1213 1840 ἀγαθό-

66 1857 194 1942 τότητα
214 1864 410 1940 παραγαγεῖν
439 1854 457 1919 ri
479 1855 557 1932 θεὸς
577 1857 715 1940 ἠθέλησε
735 1853 769 1936 τὸ
793 1855 1013 1942 ἀνθρώπινον,
1040 1851 1214 1939 ὁμολογου-

115 1962 221 2037 μένως
242 1958 278 2020 δὲ
311 1956 437 2038 προεῖδε
463 1954 519 2018 καί
548 1953 605 2039 την
625 1956 834 2038 γενησομένην
857 1957 961 2020 ου’τοῦ
981 1945 1212 2038 παρεκτροπήν.

117 2053 206 2137 εἴπερ
239 2048 298 2119 οὖν
328 2053 367 2118 οὐ
405 2052 566 2137 παρήγαγε
589 2052 643 2117 διὰ
664 2056 756 2116 τοῦτο
777 2052 833 2118 τόν
854 2047 1046 2137 ἄνθρωπον,
1067 2057 1154 2118 ἐνίκα
1178 2058 1215 2120 di

117 2151 231 2220 iotario
252 2153 271 2237 ἦ
295 2154 389 2218 κακία
409 2152 516 2236 ἡμῶν,
541 2148 584 2226 ὥς
602 2148 619 2216 ὅ
640 2151 853 2236 Δαμασκηνὸς
873 2150 1018 2237 Ἰωάννης
1040 2153 1137 2240 φησί,
1157 2153 1247 2237 τηνῦ

118 2251 305 2339 α’γαθότητα
328 2255 386 2318 τοῦ
404 2256 492 2316 θεοῦ.
517 2250 618 2317 πάντα
640 2253 700 2334 μὲν
721 2243 777 2316 οὖν
798 2250 879 2317 καλὰ
902 2251 1024 2318 ποιεῖό
1045 2250 1130 2334 θεός,
1158 2247 1216 2319 ὅσα

66 2375 110 2418 πο
119 2353 161 2439 dr}
176 2356 232 2419 καί
251 2361 344 2433 ποιεῖ’,
365 2356 493 2427 ἕκαστος
509 2352 544 2416 δὲ
556 2351 647 2435 ἡμῶν
662 2348 696 2430 ἐξ
716 2353 833 2428 οἰκείας
856 2355 1069 2437 προαιρέσεως
1083 2355 1216 2440 ἐκκλίνει

118 2451 204 2536 πρός
223 2477 258 2536 γε
280 2449 315 2516 τὰ
337 2445 435 2515 καλὸν
455 2445 478 2534 ἢ
498 2448 534 2514 τό
557 2447 664 2516 κακόν.
686 2451 717 2515 εί
740 2451 801 2536 γὰρ
826 2453 882 2517 καί
901 2455 1075 2538 ,συνέφερε
1097 2454 1140 2540 τῷ
1160 2453 1216 2516 οἰν-

120 2553 245 2640 θροίπιρ
258 2553 290 2616 εἰ
309 2551 367 2614 ου’κ
386 2548 559 2635 έγεννὴθη”
578 2549 674 2636 φησίν
695 2549 713 2612 ri
733 2547 851 2637 κίρκος,
874 2551 944 2616 ἀλλ’
965 2552 1004 2618 oti
1024 2549 1080 2638 τὴν
1100 2554 1218 2618 οἰκείαν

121 2855 309 2900 tnurveraum
342 2844 386 2912 agi
419 2850 449 2896 te
486 2843 522 2895 ab
554 2845 588 2896 iie
617 2847 720 2918 petitor
746 2847 795 2916 qui
827 2845 982 2898 huiusmodi
1010 2847 1169 2918 proferunt:
1195 2852 1218 2903 oi

122 2925 206 2970 norat
230 2915 298 2968 deur
322 2913 457 2965 cidamum
481 2915 679 2968 mendatouon
702 2917 854 2986 pariturum
876 2915 994 2986 ideoque
1023 2919 1149 2986 poradiro
1166 2918 1219 2971 eii-

123 2987 273 3049 ciendum,
303 2983 480 3054 quamobrem
512 2987 599 3054 ipsum
628 2985 775 3039 condidit?
818 2989 918 3039 etenim
941 2988 986 3038 vei
1012 3003 1072 3038 eum
1101 2989 1219 3044 condere

123 3077 183 3112 non
204 3057 340 3121 debebat,
368 3055 413 3107 vei
439 3054 586 3124 probibere
610 3073 647 3109 ne
674 3057 800 3110 conditui
824 3058 913 3110 cibum
944 3059 1022 3110 ilium
1040 3063 1155 3112 vetitum
1177 3071 1220 3114 ot-

124 3132 254 3198 cuperet.
282 3127 331 3178 bor
360 3126 504 3197 opiniones
534 3129 583 3196 qui
610 3138 777 3197 sequuntur,
804 3129 898 3182 misroe
925 3131 1017 3195 iocito,
1038 3147 1070 3182 nc
1088 3132 1219 3200 Gregorio

125 3203 221 3272 potino
246 3197 349 3265 Nyreae
383 3197 502 3266 praesuli
539 3198 621 3250 fidem
650 3199 800 3263 adhibeto,
830 3201 907 3252 cuiue
930 3199 1006 3252 'boec
1037 3201 1119 3254 verbu
1148 3211 1220 3256 runt.
1275 3191 1283 3210 ’

126 3271 197 3323 deor
226 3269 276 3321 ille
302 3268 352 3337 qui
377 3269 469 3318 omnia
501 3270 595 3333 novit,
623 3269 699 3321 baud
731 3269 875 3340 ignorabat
903 3287 918 3322 e
949 3273 1023 3324 bono
1052 3273 1221 3326 exorbitatu-

127 3359 188 3394 rum
212 3339 365 3404 bominem}
392 3353 484 3408 neque
512 3348 604 3393 tomen
628 3339 682 3393 boc
708 3341 860 3412 impedivit
890 3343 1118 3412 quemadmodum
1148 3345 1221 3398 euim

128 3411 359 3465 exorbitationem
385 3409 588 3479 prospiciebat,
615 3413 654 3463 εἰσ
682 3419 711 3464 ct
743 3413 941 3464 revocationem
968 3416 1025 3466 εἰπε
1057 3414 1092 3466 ud
1119 3415 1222 3470 bonurn

128 3483 267 3552 cognitam
287 3479 416 3532 babebat„
437 3480 506 3550 quid
524 3481 604 3552 ergo?
623 3483 816 3552 proeotabvtne
829 3499 938 3552 prorsus
957 3493 1080 3537 naturum
1101 3495 1222 3541 nostram

128 3556 269 3607 inertum
288 3569 346 3604 non
364 3550 531 3619 producere,
551 3553 661 3624 quondo
681 3563 763 3606 uorat
776 3554 912 3606 homiuem
931 3554 998 3607 deuo
1017 3573 1032 3606 u
1050 3557 1123 3608 bono
1143 3557 1223 3611 ober-

129 3633 268 3678 raturum:
296 3639 333 3675 an
356 3620 497 3674 conditum
520 3633 549 3676 et
573 3625 602 3674 in
619 3625 744 3676 morbum
763 3627 917 3695 prolapsum
943 3643 1034 3678 rursus
1054 3627 1088 3679 ad
1109 3629 1223 3698 primam

129 3697 245 3766 gratiam
262 3711 313 3764 per
330 3693 529 3764 poenitentium
550 3695 697 3750 revocare?
722 3695 930 3766 praeferendum
953 3697 1063 3751 omnino
1082 3697 1135 3752 hoc
1154 3702 1224 3754 olte-

130 3785 206 3830 rnm‚
222 3765 382 3835 pracsertim
402 3781 462 3816 cum
481 3773 590 3818 constet
606 3765 688 3818 deum
706 3767 826 3819 voluisse
845 3785 910 3819 ruoe
927 3767 1059 3822 bonitatis
1079 3787 1158 3824 cauea
1178 3790 1224 3842 ge·

129 3855 184 3890 nuo
202 3836 352 3888 humanum
369 3836 400 3886 in
418 3843 507 3888 ortum
525 3837 692 3905 producere,
711 3838 834 3907 quamvis
852 3839 880 3890 in
901 3838 1023 3892 conservo
1042 3841 1077 3892 eit
1095 3859 1156 3894 eum
1175 3843 1225 3894 de-

130 3909 278 3960 flexionem
297 3922 410 3977 quoque
427 3906 545 3958 bominir
561 3925 577 3959 α
595 3918 770 3968 curuurecto
788 3908 962 3979 praevidisse.
980 3911 1079 3980 quodsi
1101 3913 1170 3966 hanc
1188 3913 1223 3966 ob

132 3973 241 4032 ciurarn
263 3979 400 4031 bominem
422 3977 566 4042 condidit,
595 3981 720 4049 requitur
740 3979 774 4030 de
794 3979 921 4053 iohannis
940 3981 1100 4035 Dooooeceni
1116 3993 1227 4037 senten·

131 4051 174 4104 tia
193 4049 347 4101 bonitatem
372 4046 491 4100 divinam
522 4065 538 4099 a
560 4051 695 4119 pravitate
722 4060 815 4104 nootra
832 4051 929 4104 victam
947 4069 1014 4106 crue.
1036 4055 1139 4124 quippe
1158 4054 1226 4105 deuo

131 4121 243 4183 omnia,
267 4135 340 4190 quae
368 4120 452 4181 iacit,
470 4118 544 4170 boun
570 4121 653 4185 iacit,
678 4137 739 4172 curu
763 4129 883 4175 nostrum
909 4123 1027 4192 quilibet
1044 4123 1177 4177 arbitratu
1198 4131 1226 4176 et

133 4193 272 4246 electione
300 4190 411 4262 propria
437 4191 482 4242 vei
499 4189 534 4241 ad
549 4190 650 4244 bonum
675 4194 721 4246 vel
740 4193 893 4246 admotum
912 4193 1048 4246 deflectat.
1068 4207 1225 4264 quanquam
