2742 4617
195 280 250 397 γί
520 305 738 379 plurumis
767 304 930 378 oticsis

109 502 114 513 ι
190 462 290 549 φύσιν
319 454 403 544 ἔχει·
458 454 603 541 μαλακόν
628 462 687 541 μὲν
708 455 770 545 γάρ
792 459 878 525 ἐστιν
898 452 1005 543 ὥσπερ
1025 454 1124 542 σάρξ,
1144 454 1214 541 ἔχει
1234 460 1272 525 et

188 556 281 627 τάσιν
297 554 404 645 ὥσπερ
425 558 548 643 νεῦρον.

270 656 343 745 Χρη
366 660 402 723 δι’
422 682 459 725 σε
478 661 534 724 καί
550 662 644 725 τοῦτο
663 657 738 742 περί
763 658 825 725 τῶν
845 652 970 739 ι’χθιίσον
990 658 1116 723 εἰδέναι.
1157 654 1193 723 τὸ
1210 660 1272 739 μὲν

187 756 249 843 γίιρ
270 750 440 841 ἄρρενκαὶ
460 762 543 845 θῆλυ
564 760 651 834 ἰδίως
675 758 837 841 νήχονται,
857 757 895 820 οὔ
915 758 1112 840 σνγγινονται
1133 760 1180 839 δέ,
1201 756 1270 822 α’λλ*

191 855 340 942 α’σπὸρτος
357 856 392 935 ἐξ
410 854 526 935 ὕδατος
543 862 599 923 καί
616 854 794 939 πνεύματος
813 860 871 921 τοῦ
889 856 1010 937 ἀνέμου
1029 859 1193 940 τίιιτσνται,
1211 855 1299 941 τῆνὸ
1360 880 1368 906 ⁸

189 952 399 1041 πνευματικὴν
418 956 664 1041 ἦμῶν.ἑντεῦθτν
686 957 742 1021 καί
759 949 898 1039 ἄσπορον
915 958 949 1033 ἐξ
967 951 1083 1032 idusve
1101 959 1157 1022 καί
1173 953 1270 1022 wesi-

187 1041 286 1139 ᾒτος
309 1060 560 1141 προσημαίνοντα
579 1060 740 1144 γέννησιν,
765 1054 809 1131 ὥς
835 1052 854 1119 ὅ
876 1052 1038 1132 θειότατός
1058 1079 1155 1142 φησιν
1175 1054 1269 1123 Ἀνα-

186 1152 325 1230 στάσιος.

265 1256 349 1323 Ἀλλ’
383 1248 459 1321 siet
491 1254 586 1321 τοῦτο’
613 1278 649 1323 σι
680 1256 904 1341 παραδραμεῖν
930 1247 1028 1333 ἄξιον.
1074 1252 1091 1319 ὅ
1118 1264 1270 1341 χερσαῖος

160 1416 165 1427 ,
186 1350 262 1443 ὄφις
279 1358 324 1445 spi
342 1355 477 1441 αι’γιαλρῖ
496 1354 638 1441 προσιών
657 1353 818 1441 συρίττει,
839 1356 894 1421 κατ’
911 1354 1065 1440 συρίττσον
1087 1362 1267 1441 προσκαλεῖ·
1282 1378 1317 1423 ru

186 1480 241 1523 ται
259 1454 316 1539 την
343 1452 504 1539 μα’ραιναν
532 1459 578 1534 είς
606 1454 794 1543 συνάφειαι.
851 1453 870 1521 ὅ
896 1456 974 1538 γοῦν
1000 1454 1175 1533 θαλάσσιος
1194 1449 1270 1544 ὄφις

107 1568 136 1623 Ρ.
146 1568 180 1637 39
189 1552 243 1623 εἴτ’
265 1548 324 1619 σίν
347 1554 367 1639 ἧ
384 1552 527 1641 μύραινα
545 1557 589 1645 spi
608 1558 757 1645 συριγμηῖ
774 1552 939 1621 οἷκσιίσασα
953 1554 1054 1631 rests
1067 1553 1267 1638 ἐπανάγεται.

186 1656 243 1719 καί
262 1656 494 1736 συμπλακέντες
521 1654 684 1741 ἀλλήλοις,
712 1651 866 1741 πρότερον
892 1654 951 1721 τοῦ
971 1657 1124 1740 χερσαίου
1144 1653 1199 1720 τὸν
1219 1652 1269 1720 ίόν

185 1754 411 1836 ἱξεμίσαντυς,
433 1752 513 1837 πρὸς
543 1751 581 1820 τὰ
600 1751 667 1819 ἴδια
700 1751 811 1819 οἴκοθ’
830 1756 887 1819 ἓνα
907 1762 1018 1839 χωρεῖ.
1058 1747 1192 1838 εὔδηλον
1211 1745 1269 1819 οὖν

185 1852 333 1918 ἐντεῦθεν
351 1846 400 1917 ὅτι
421 1852 477 1918 καί
511 1848 527 1921 ὅ
547 1852 658 1941 νοητὸς
678 1845 754 1941 ὄφις
774 1856 917 1941 συριγμῷ
934 1851 989 1917 καί
1007 1854 1196 1935 δελεάσματι
1214 1854 1269 1917 καιΙ
1281 1858 1317 1921 15

185 1950 349 2035 ὑποκρίσει
382 1946 482 2038 ἤθους
506 1956 651 2039 χρηστοῦ
678 1951 735 2020 καί
766 1955 946 2038 συμβουλῆς
975 1951 1099 2036 α’γαθῆς
1120 1949 1193 2029 τοίις
1214 1952 1270 2016 α’ν-

185 2047 337 2135 θροίποος
354 2052 519 2139 ἐφέλκεται
537 2052 592 2119 καί
608 2052 686 2118 sarri
715 2050 751 2119 τό
770 2050 926 2137 βουλητὸν
947 2053 1034 2141 ατίτηῖ
1053 2040 1174 2127 τούτοις
1193 2076 1269 2134 συγ-

185 2154 321 2235 γίνεται,
343 2158 400 2217 τοῦ
423 2148 539 2231 ὕδατος
561 2150 617 2217 καί
629 2149 804 2235 πνεύματος
820 2154 970 2237 πρότερον
989 2151 1107 2227 αιίτούς
1126 2152 1267 2231 ίξιστοῖν·

185 2244 224 2314 οὗ
244 2249 305 2337 γὰρ
341 2245 381 2315 ι’ίν
408 2245 511 2327 ἄλλοις
536 2253 728 2335 μεταδοῦναι
758 2249 879 2327 τούτοις
906 2255 964 2316 τοῦ
991 2254 1107 2318 οἰκείου
1136 2253 1269 2317 δύναται

185 2346 318 2435 σπόρου,
339 2353 370 2415 εἰ
387 2349 431 2434 μη
453 2352 554 2416 πάντα
573 2348 676 2417 κοίλων
695 2350 826 2435 κινήσας
844 2349 965 2416 ἐκεῖθεν
987 2350 1105 2426 ου’τούς
1123 2351 1320 2416 durani-no

158 2465 264 2518 Βσειε.
286 2447 341 2514 καί
359 2451 396 2514 τί
411 2446 475 2533 χρὴ
497 2446 596 2513 πολλὰ
621 2452 723 2533 λέγειν
744 2451 801 2515 καί
822 2452 1016 2535 α’παριθμεῑν
1034 2448 1075 2515 τοὶ
1096 2455 1171 2516 καθ’
1192 2452 1265 2517 ἕνα·

187 2571 278 2632 usur,
307 2549 377 2615 ἐπεί
400 2541 513 2634 ἑρπετὰ
544 2540 590 2614 οἷν
618 2550 677 2614 οὐκ
694 2546 780 2616 ἔστιν
802 2549 955 2637 α’ριθμὸςς
979 2551 1034 2616 καί
1053 2546 1168 2637 ἑρπετὰ
1187 2550 1266 2632 μέν,

186 2840 296 2893 hubent.
326 2847 390 2893 sunt
404 2840 476 2894 enim
501 2838 597 2895 molles
616 2842 704 2896 instar
719 2841 822 2907 cornis,
846 2850 874 2895 et
892 2840 970 2895 tendi
986 2840 1165 2895 nihilominus
1179 2841 1268 2895 instsr

185 2913 261 2965 nervi
299 2921 401 2967 essunt

254 2928 312 3035 llic
329 2984 412 3037 etism
430 2982 464 3035 sle
484 2982 604 3053 piscibus
623 2982 677 3037 tibi
692 2982 906 3053 cognoscendum
924 2990 980 3047 est,
1003 2982 1077 3052 quod
1104 3000 1160 3037 mss
1178 2989 1206 3035 et
1222 2982 1265 3034 se-

184 3054 256 3107 mina
274 3070 393 3107 seorsum
412 3062 525 3118 notent,
542 3072 593 3107 nec
609 3054 681 3107 inter
701 3072 729 3108 se
745 3062 931 3118 consuescunt,
948 3053 997 3106 sed
1016 3054 1118 3123 absque
1136 3054 1210 3105 cuitu
1229 3053 1266 3104 de

183 3140 255 3195 sque
273 3124 394 3194 flatuque
418 3126 493 3179 renti
516 3126 671 3195 gignuntur.
697 3144 752 3197 qus
767 3126 877 3196 quidem
895 3142 924 3177 re
941 3125 1089 3194 spiritualis
1108 3125 1156 3176 ills
1172 3134 1266 3176 nostra

184 3203 213 3247 et
230 3195 315 3248 coitus
334 3211 428 3265 expers
448 3199 584 3265 generatio
601 3198 637 3249 de
655 3213 727 3268 equs
744 3205 774 3249 et
790 3198 886 3267 spiritu
903 3195 1072 3267 exprimitur,
1090 3194 1267 3266 quemadmo-

185 3264 249 3317 dum
267 3268 420 3319 Anastasius
438 3268 537 3337 inquit.

152 3357 166 3392 ·,
252 3338 294 3391 Ne
310 3336 362 3389 hoc
380 3336 491 3409 quidem
508 3338 598 3393 obiter
612 3338 762 3408 praeterire
780 3337 873 3390 debes.
897 3354 1005 3406 serpens
1023 3337 1157 3391 terrestris
1176 3336 1213 3387 cd
1230 3334 1269 3386 li·

184 3412 229 3461 tus
246 3408 376 3461 secedens
385 3409 498 3461 sibilum
516 3410 590 3474 edit,
609 3426 663 3479 quo
681 3425 837 3461 muraenam
855 3408 961 3459 invitet.
977 3407 1029 3461 hoc
1045 3408 1139 3459 audito
1157 3422 1268 3458 murse-

183 3496 221 3531 ns
238 3496 302 3533 mox
326 3479 448 3543 accedit,
467 3496 498 3532 rc
513 3488 639 3550 serpente
660 3481 783 3533 terrestri
799 3496 932 3533 venenum
947 3480 1020 3548 prius
1038 3486 1187 3547 exspirante
1203 3493 1268 3528 mu-

183 3557 246 3602 tuos
264 3552 292 3603 in
317 3552 473 3623 complexus
496 3552 626 3616 veniunt,
646 3551 794 3604 secuntlum
817 3566 885 3620 quos
903 3558 1018 3619 uterque
1035 3550 1070 3602 rsl
1087 3566 1135 3601 sus
1151 3564 1180 3599 se
1199 3564 1267 3597 con-

184 3622 284 3673 terunt.
311 3623 346 3675 de
373 3639 428 3693 quo
447 3622 571 3692 exemplo
598 3624 742 3693 perspicue
764 3628 855 3692 potest
871 3621 990 3689 intelligi
1008 3620 1090 3671 etism
1110 3626 1267 3686 serpentem

184 3688 262 3741 illum
280 3693 469 3747 intellectilem
498 3692 579 3746 sibilo
604 3693 722 3765 quodam
743 3700 772 3745 et
788 3691 973 3754 inescatione,
989 3690 1145 3760 probusque
1160 3688 1268 3741 indolis

185 3767 215 3811 et
230 3758 296 3813 boni
311 3766 420 3818 consilii
437 3764 608 3818 simulatione
625 3764 752 3817 mortales
771 3762 897 3826 allicere,
915 3778 1020 3832 proque
1035 3761 1166 3812 arbitratu
1184 3768 1213 3812 et
1229 3761 1266 3810 li-

187 3828 283 3883 bidine
303 3850 350 3886 sua
367 3854 428 3889 cnm
444 3838 484 3890 eis
503 3852 697 3899 consuescere,
719 3835 794 3904 prius
814 3849 898 3904 opera
915 3833 977 3886 dats
994 3840 1026 3884 ut
1044 3848 1142 3900 squ-sm
1161 3840 1188 3882 et
1208 3831 1266 3899 spi-

187 3901 268 3953 ritum
284 3905 353 3958 relin
374 3916 453 3961 usnt:
470 3926 532 3961 nam
541 3906 622 3960 aliter
635 3922 728 3960 semen
743 3920 821 3957 sunm
840 3906 870 3957 in
888 3920 934 3955 eos
951 3902 1141 3955 transfundere
1156 3902 1266 3969 nequit,

136 4010 141 4021 .
186 3972 240 4025 nisi
259 3974 332 4025 omni
355 3924 421 4029 ione
438 3988 513 4033 moto
530 3978 564 4031 ab
584 3978 628 4031 his
644 3976 750 4029 duobus
767 3976 841 4046 ipsus
862 3972 1045 4044 sscllstquisl
1061 3982 1152 4025 sutem
1171 3971 1267 4023 multis

186 4042 276 4097 serbis
294 4060 361 4115 opus
375 4048 433 4099 est?
451 4066 498 4100 cur
514 4049 621 4120 singola
632 4063 838 4101 commemorare
856 4046 987 4099 velimus?
1004 4045 1114 4097 suntin
1126 4044 1203 4113 aquis
1221 4058 1264 4093 re-

185 4116 275 4184 ptilis,
294 4115 369 4186 quod
385 4117 423 4167 itu
434 4118 560 4171 nimirum
600 4119 795 4189 regrediuntur,
808 4135 861 4169 nec
876 4124 967 4170 temen
991 4116 1043 4168 sul>
1059 4132 1201 4167 numerum
1219 4130 1265 4164 ca-

187 4185 271 4251 dunt,
295 4202 331 4240 ne
359 4186 463 4239 scilicet
489 4188 620 4257 psulstun
644 4188 787 4260 absumpta
811 4188 964 4242 delicerent
986 4205 1049 4244 nem
1076 4187 1131 4241 uisi
1151 4201 1265 4240 numere
