2742 4617
425 298 638 362 ruuluuu
665 297 777 358 mus·
800 298 825 357 ι.
1109 271 1166 381 89

77 480 196 528 στααιν.
248 451 346 514 αότοί
378 450 435 511 κατ’
465 449 527 530 γάρ
556 443 585 508 oi
611 439 758 528 Ἓλληνες
776 441 850 527 περί
867 441 967 507 αδτοῦ
985 442 1166 526 διηγοῦνται

76 561 129 624 ότι
148 547 304 636 προγνοός
326 547 362 612 τό
384 553 471 622 τέλος
493 542 592 610 αότοό
611 541 743 626 ἔρχεται
762 545 836 624 περί
852 539 910 623 τὴν
928 537 1092 622 Αἴγυπτον
1112 547 1167 607 καί
1258 545 1267 556 ’

75 650 204 738 α’ντικρό
237 651 296 714 τοῦ
322 647 417 730 ἡλίου
447 647 593 723 ἵσταται,
625 636 695 706 εἶτα
725 642 917 726 temporivus,
943 643 999 702 καί
1019 639 1081 703 rino*
1105 645 1165 704 τοῦ

73 756 152 839 μυός
181 748 282 814 αότοό
310 742 434 828 σκώληξ
466 745 634 826 γεννᾶται,
663 740 720 804 καί
749 737 844 812 αότός
865 730 961 812 αὖθις
981 738 1026 813 εἰς
1047 738 1164 823 πτηνόν

53 870 68 930 5
74 828 314 936 μεταβάλλεται.
355 841 410 908 τόν
428 844 555 927 φοίνικα
580 843 615 906 δὲ
634 842 765 917 τοῦτον,
784 833 828 912 ὥς
847 835 984 918 εἴπομεν,
1006 836 1085 920 μετό
1109 836 1196 925 ἔτηι)

74 945 261 1018 πεντακόσια
281 941 377 1009 εἴσιδε
395 945 550 1025 γίνεσθαι.
597 936 615 1002 ό
637 941 673 1003 δὲ
693 939 849 1022 στρουθός
873 936 890 1000 ό
912 937 1056 1020 Λιβυκός
1080 932 1164 1026 ὅρνις

73 1056 131 1135 μέν
152 1050 241 1127 ἐστι,
263 1039 423 1129 πτερωτός
444 1043 500 1121 δέ,
521 1038 560 1103 οδ
580 1039 715 1104 πέταται
736 1041 770 1102 δὲ
791 1037 843 1101 διό
865 1034 899 1100 τό
923 1034 961 1100 τό
983 1039 1082 1123 πτερὰ
1104 1041 1163 1103 αό-

72 1154 133 1216 roe*
150 1147 197 1231 μή
217 1139 428 1230 χρησιμεύειν
448 1141 494 1214 εἷς
514 1141 644 1222 πτῆσιν·
684 1139 845 1222 τριχοειδῆ
864 1133 938 1221 γόρ.
980 1142 1034 1202 καί
1053 1140 1165 1214 δίπους

71 1253 132 1331 μὲν
167 1251 254 1312 ἐστιν
286 1241 331 1316 uic
363 1232 474 1324 όρνις,
504 1224 634 1319 διχηλεῖ
661 1239 696 1300 δὲ
717 1232 760 1312 ὥς
779 1233 961 1319 τετράπους.
1004 1235 1084 1300 ἄλλό
1106 1243 1163 1303 κατ’

32 1346 240 1429 ιομονότοκον
272 1342 366 1406 οόδὲν
387 1341 451 1404 τῶν
480 1338 617 1420 όρνίδαν
649 1337 752 1417 ἐστίν,
787 1337 817 1400 εί
833 1332 877 1417 μό
900 1333 995 1417 μόνος
1015 1333 1032 1401 ό
1051 1333 1161 1416 κόκκυξ

71 1447 128 1512 διό
152 1443 190 1508 τό
224 1437 352 1523 ψυχρόν
379 1439 438 1520 τῆς
458 1435 560 1501 αότοιῖ
593 1437 731 1521 prioreve.
760 1430 825 1498 ,ότι
849 1437 885 1498 δὲ
903 1432 1043 1520 ψυχρός,
1066 1439 1160 1520 δῆλον

69 1550 108 1612 ἐκ
141 1548 200 1628 τῆς
227 1543 343 1614 δειλίας
370 1537 491 1601 orituri·
542 1537 598 1599 καί
615 1531 676 1617 μόρ
709 1536 740 1600 εἰ
757 1531 801 1618 μή
824 1527 862 1619 ἧν
884 1530 1004 1615 δειλός,
1038 1534 1097 1598 οόκ
1120 1528 1160 1600 δν

68 1643 138 1709 όπό
174 1638 295 1706 πόντιον
319 1633 469 1702 ἐδιιόκιτο
494 1637 560 1698 reis
588 1635 717 1715 ὀρνέων,
747 1635 921 1700 κάντεῦθεν
949 1637 982 1699 ἐν
1012 1627 1158 1717 όλλοτρί.

69 1768 126 1820 αις
148 1740 247 1806 ἔτικτε
268 1743 425 1810 νεοττιαϊς.
447 1735 614 1815 πανταχοῦ
631 1735 665 1796 δὲ
689 1732 708 1814 ἡ
728 1729 891 1817 ψυχρότης
922 1733 1008 1798 αι’τία
1028 1735 1158 1810 δειλίας.

28 1864 61 1921 ,5
152 1839 239 1906 Ἀλλ’
261 1836 336 1900 ου’δλ
353 1833 444 1901 τοῦτό
466 1855 503 1897 σε
535 1832 773 1914 παραδραμεῖν,
800 1825 959 1915 uirumque,
980 1830 1233 1922 dodlopror,1>,47

67 1935 328 2024 παραδοξότερον
354 1934 407 1997 καί
434 1931 573 2014 μόλιοτα
602 1933 666 1995 seir
689 1923 792 1994 ἄλλων
811 1923 864 2012 όν,
898 1929 917 1993 δ
938 1933 1012 2014 περὶ
1029 1924 1157 2014 ὄρνιθος

68 2045 127 2105 τοῦ
146 2037 346 2116 καλουμένου
364 2034 500 2115 μέροπας
521 2027 538 2094 ό
558 2026 716 2104 Αἰλιανός
737 2027 872 2113 ἱστορεῖ,
892 2033 1038 2114 ,,με’ροψ”
1061 2035 1158 2114 λέγων

70 2138 126 2218 ,πό
148 2131 259 2221 ὄρνεον
282 2135 327 2208 είς
344 2125 485 2196 τοόπίσαι
503 2129 665 2194 aeratas?
706 2131 763 2191 καί
782 2124 888 2193 ἔπεισί
902 2151 957 2210 μοι
978 2125 1158 2212 θαυμάζειν

70 2239 127 2322 τὴν
147 2237 300 2318 ἐπίσημον
319 2225 485 2316 όναφορόν
504 2224 544 2311 ἢν
565 2228 662 2291 ἐκεῖνο
686 2219 757 2308 dyst
774 2225 810 2290 'ri
834 2229 926 2306 ζοόον.

25 2377 64 2414 20
157 2333 202 2400 Τό
230 2333 273 2400 δὲ,
293 2329 347 2396 τόν
366 2327 563 2409 α’λεκτρυόνα
592 2324 704 2401 νυκτός
724 2319 814 2414 ᾄδειν
832 2328 867 2391 ἐν
888 2327 1072 2414 ὡρισμένοις
1089 2353 1158 2395 και-

71 2444 140 2526 ροῖς
163 2433 204 2498 οδ
221 2429 280 2518 πρό
301 2429 419 2494 πολλοῦ
450 2431 505 2510 τῆς
528 2428 587 2489 rod
607 2425 699 2510 ἡλίου
722 2425 875 2512 α’νατολῆς
897 2431 980 2505 τινὲς
998 2431 1059 2510 μὲν
1079 2429 1159 2516 ipo·

70 2710 153 2760 tisse.
173 2703 237 2754 huic
258 2701 285 2753 in
302 2700 421 2772 ringulos
450 2715 535 2751 anuos
563 2697 588 2749 D
606 2697 736 2751 eiusmodi
763 2698 893 2769 quiddam
911 2700 1054 2752 usuvenire
1072 2701 1157 2754 trudi-

71 2789 131 2840 tur,
152 2772 230 2860 quod
246 2773 425 2824 lsetnmillrsm
444 2769 666 2823 resurrectionem
684 2770 790 2839 egregie
809 2770 888 2822 nobis
906 2769 941 2822 ob
959 2773 1052 2838 oculos
1070 2775 1157 2841 pouit.

71 2867 135 2900 nam
155 2845 252 2897 (umeri
277 2850 483 2895 commemorant
501 2858 561 2892 eum
585 2841 666 2894 linem
684 2859 762 2892 suum
788 2843 994 2910 prospicientem
1025 2844 1054 2893 in
1072 2847 1159 2912 Aegy-

69 2932 149 2988 ptum
161 2930 222 2967 sese
230 2915 347 2966 conferre
364 2931 396 2965 nc
413 2913 464 2964 soli
478 2911 628 2964 obvertere.
648 2911 747 2964 deinde
765 2912 794 2962 in
810 2913 948 2982 pulverem
966 2915 1100 2976 exuritur,
1123 2913 1158 2965 de

73 3007 127 3058 quo
157 2987 267 3056 pulsem
289 2987 385 3037 vermis
418 2983 553 3045 nascitur,
583 2984 630 3051 qui
657 3001 746 3035 rursus
773 2984 802 3034 iu
829 2984 965 3036 volucrem
982 2994 1159 3036 commutatur

73 3077 155 3128 quern
174 3057 332 3126 phoenicem
359 3056 482 3106 dicimus.
513 3060 596 3122 atque
615 3053 683 3118 hoc,
704 3063 734 3106 ut
750 3053 943 3118 iudicavimus,
960 3057 1157 3125 postsingulor

74 3132 238 3198 quingentos
263 3144 346 3180 annos
364 3127 424 3178 fieri
450 3125 597 3176 consuevit
612 3141 704 3194 passer
728 3134 816 3176 autern
836 3125 951 3194 Lybicus
970 3127 1025 3178 uris
1047 3127 1157 3196 quidem

74 3212 114 3252 nt
130 3199 201 3270 (sins
227 3199 298 3250 enim
315 3197 423 3266 habet),
447 3211 541 3247 rerum
570 3211 626 3246 uon
643 3197 718 3248 volat
735 3205 877 3266 propterea
896 3195 969 3266 quod
987 3215 1089 3266 pennas
1108 3198 1158 3250 hn-

72 3271 138 3322 tear
164 3269 200 3319 ad
224 3269 342 3322 rolatum
364 3285 421 3320 non
446 3268 510 3318 satis
536 3266 661 3330 idoneas,
690 3268 732 3320 uti
751 3283 821 3337 quae
861 3267 906 3319 ilis
924 3270 1077 3322 consimiles
1095 3271 1156 3322 sint.

75 3343 145 3392 idem
161 3339 240 3410 bipes
258 3349 299 3392 est
318 3339 406 3392 svium
421 3354 509 3401 more,
528 3335 577 3389 red
593 3337 706 3406 ungulas
724 3338 823 3390 divisas
841 3285 925 3391 tabet
942 3345 974 3390 ut
994 3341 1157 3462 quadrupes.

75 3412 185 3463 unicum
208 3409 289 3462 modo
305 3410 390 3462 fetum
408 3409 463 3460 avis
485 3409 562 3460 nulla
580 3410 666 3478 gignit
684 3418 793 3478 praeter
810 3409 931 3477 Ceycem.
951 3412 1027 3480 quod
1046 3413 1157 3481 quirem

76 3483 109 3533 lit
123 3481 158 3534 ob
187 3482 247 3533 elur
266 3490 378 3533 naturas
395 3480 583 3548 frigiditatem,
614 3497 685 3550 quae
706 3480 740 3532 de
759 3480 902 3532 formidine
921 3481 1076 3550 colligitur:
1095 3501 1155 3535 nom

74 3553 129 3603 nisi
152 3553 265 3604 timidus
293 3561 376 3613 esset,
401 3568 462 3602 sves
489 3551 578 3620 iprum
606 3551 746 3606 uniuersae
772 3567 826 3603 nou
845 3561 1080 3622 persequerentur.
1101 3570 1156 3624 quo
1192 3574 1198 3582 ¹

76 3627 135 3691 ipso
151 3623 232 3676 litut
248 3622 318 3675 nidis
333 3623 428 3681 alienis
445 3630 545 3674 ututur.
564 3631 607 3675 est
624 3631 715 3675 autem
732 3623 864 3694 frigiditas
883 3623 987 3694 ubique
1006 3625 1156 3678 formidinis

74 3710 165 3744 (11138.

143 3763 185 3816 Ne
208 3764 262 3816 hoe
287 3744 397 3834 quidem
425 3765 533 3817 silentio
553 3765 700 3835 praeterire
723 3782 851 3836 possum,
874 3765 966 3818 multis
991 3767 1052 3822 eliis
1075 3768 1156 3824 rebus

72 3833 267 3897 admirabilius,
283 3835 358 3904 quod
373 3835 407 3886 de
427 3852 475 3888 ave
492 3853 572 3906 quam
589 3835 728 3905 Meropem
746 3847 844 3890 vocant
864 3838 993 3890 Aelianus
1011 3843 1156 3894 memoriae

72 3905 205 3975 prodidit.
222 3921 341 3974 merops,
357 3907 461 3977 inquit,
480 3907 536 3960 aris
554 3913 699 3959 retrorsum
719 3909 808 3972 volet,
827 3925 908 3980 quern
928 3909 1036 3978 quidem
1053 3923 1155 3967 motum

72 3977 248 4098 volsmrqque
274 3977 354 4030 huius
371 3978 491 4032 animalis
506 3977 656 4031 notabilem
673 3995 705 4030 ια
722 3979 882 4053 inusitatum
899 3979 973 4034 haud
989 3983 1037 4037 ebe
1058 4003 1086 4038 re
1104 3987 1156 4040 rni-

77 4047 129 4098 rari
148 4065 179 4100 su
200 4049 231 4100 it.

140 4120 200 4170 Iam
219 4118 293 4189 quod
306 4119 390 4188 gellus
400 4120 565 4188 gallinaceus
576 4128 659 4174 noctu
673 4122 754 4176 certis
767 4121 840 4176 horis
860 4133 958 4192 cantet,
976 4143 1032 4182 non
1041 4131 1156 4183 multum

75 4199 138 4242 ute
155 4190 221 4244 solie
240 4199 343 4256 ortum,
369 4192 426 4246 eius
443 4193 483 4244 rei
500 4209 606 4244 reusam
623 4193 652 4245 iu
670 4191 744 4246 hune
765 4195 874 4250 modum
892 4199 1019 4254 nonnulli
1037 4202 1156 4271 explica-
