2742 4617
442 253 657 320 aunuum
685 253 789 318 esus
819 257 844 316 1.
985 262 994 278 ·
1110 229 1187 315 183

101 403 238 492 ἧμπὲριρ
258 402 359 470 πάθει
373 403 464 486 ’θεὸς
494 403 659 490 γενόμενος
680 397 877 486 ὅνθρωπος.”
919 396 1001 470 dttd
1024 413 1194 492 προσέχειν

102 506 241 572 ἐνταῦθα
269 510 459 590 παρακαλῶ.
510 509 542 570 εἰ
573 504 636 590 γὰρ
667 505 782 590 ὕφεῖλε
810 505 865 569 τὸν
888 495 1077 589 ἄνθρωπον,
1113 505 1191 583 ὦςὸ

100 602 246 686 θεολόγοι,-
267 604 367 689 φηοί,
390 601 445 669 ded
467 609 522 689 τῆς
545 602 670 689 α’ποῖτης
691 602 708 668 d
729 601 880 685 θάνατος,
905 607 1051 690 φαίνεται
1070 603 1194 685 πάντας

102 697 146 769 irs
162 702 224 788 προ
245 705 300 786 τῆς
320 697 447 789 ἀπάτης
461 700 626 770 ἀθάνατον
643 699 711 786 εἶχε
724 701 806 768 κατὰ
821 700 856 767 sd
880 706 972 785 σῶμα
990 703 1046 770 τὸν
1065 699 1192 792 ἄνθρω-

77 807 156 870 5παν
175 797 194 865 ὅ
212 807 300 878 θεῖος
326 794 421 880 οὗτος
440 802 534 890 οἷνὴρ.
575 807 607 868 εἰ
637 805 805 884 δὲταῦτα,
831 806 897 878 πῶς
917 799 1022 886 ἔλεγεν
1038 805 1111 888 „ivo
1131 808 1192 872 ποῖ·

99 927 159 989 exp
187 906 243 967 κατ’
268 899 401 986 πάσχων
428 885 709 987 ὖπομιμνῆσκηται
737 905 793 966 καί
816 902 1042 987 παιδεύηται,·”
1068 903 1102 971 ed
1129 905 1189 993 peip

99 994 258 1068 ἀθάνατον
279 1005 336 1091 οἷιρ
358 1003 399 1086 δή
410 1027 474 1068 τινι
488 1001 597 1090 τρόπῳ
617 999 756 1084 πάσχειν
774 1001 812 1066 od
832 1005 965 1090 πέφυκε.
1004 1007 1060 1070 καί
1077 1010 1113 1072 τί
1125 1006 1191 1092 χρὴ

99 1099 197 1165 πολλοὶ
224 1105 345 1186 λε’γεινς
373 1102 438 1187 εἴγε
461 1100 518 1168 καὶ
536 1104 677 1168 πάθεσιν
696 1102 853 1168 insevere
874 1101 935 1185 πρὸ
956 1107 1012 1188 τῆς
1032 1101 1218 1192 ἆμαρτιάςΒ

100 1193 321 1286 ὅιῖνθρωπος,
343 1206 400 1267 καί
419 1198 554 1290 ῥενοτὸς
574 1206 608 1280 ἐξ
628 1202 762 1286 ἀνάγκης
780 1195 831 1287 ἦν·
855 1203 886 1266 εἰ
901 1205 936 1267 δὲ
957 1201 1089 1287 ῥεοστὸς
1111 1209 1190 1270 ἐκεῖ·

58 1323 170 1381 ιοιος,
199 1293 328 1386 εἷδρλον
358 1297 411 1367 ὅτι
431 1301 488 1367 καὶ
518 1303 648 1387 θνητός.
689 1303 720 1366 εἰ
748 1302 783 1366 δὲ
802 1300 919 1387 θνητὸς
939 1303 994 1368 ἀπ’
1012 1305 1114 1388 α’ρχῆς
1133 1299 1190 1390 ἦν,

101 1393 140 1464 od
172 1399 225 1465 διὰ
247 1404 412 1488 παρακοῆς
445 1400 559 1467 λοιπὸν
582 1395 657 1485 ἥτε
695 1398 804 1488 φθορὰ
825 1405 881 1466 κατ’
899 1401 918 1465 d
937 1403 1078 1480 θάνατος.
1120 1407 1188 1472 dit·

99 1499 156 1564 osis
173 1493 230 1582 ἄν,
252 1500 295 1576 ὥς
315 1495 425 1584 οἶμαι,
448 1504 546 1566 τοῦτο
567 1499 651 1566 εἴποι
673 1526 723 1579 τις
742 1505 896 1585 λογισμοῦ
918 1497 1100 1588 reciproceis.
1122 1509 1190 1584 πῶς

97 1599 176 1683 γάρ,
195 1596 258 1682 εἴγε
274 1600 520 1682 καίἇναθὲματι
538 1599 613 1677 τοὺς
634 1597 719 1666 οὕτω
744 1601 942 1686 φρονοῦντας
962 1601 980 1686 ἦ
1002 1605 1190 1692 διαληφθεῖ-

99 1724 143 1762 σα
164 1698 399 1782 καθνσοβᾰλλει
420 1699 496 1784 ἅγια
513 1697 658 1777 σύνοδος.
699 1693 803 1776 ἄλλως
820 1725 855 1765 τε
883 1703 914 1766 rs'
932 1700 1121 1788 πρόσκαιρον
1143 1699 1188 1772 εἶ-

58 1802 155 1867 ι5ναι
184 1795 244 1882 πρὸ
274 1801 334 1882 τῆς
349 1802 566 1885 παραβάσεως
592 1792 670 1889 ᾤετο
698 1799 753 1866 τὸν
783 1797 903 1883 Ἀδάμ,
928 1806 997 1878 πῶς
1017 1801 1114 1869 αὐτόν
1135 1807 1191 1870 ἐπὶ

99 1899 202 1978 κέρδει
219 1903 327 1978 λαβεῖν
347 1897 435 1983 ἔλεγε
454 1899 511 1966 τὸν
525 1901 666 1966 θάνατον
682 1895 833 1982 ὕστερονς
853 1903 907 1966 ἵνα
925 1901 984 1988 γὰρ
1006 1901 1050 1988 μὴ
1071 1899 1105 1969 τὸ
1131 1912 1282 1994 ea·v.75'

99 1994 155 2060 κὰν
174 1994 334 2061 α’θᾰνατον
353 1991 394 2086 ᾖ,
417 1998 470 2063 ded
492 1999 582 2065 τοῦτό
606 2024 686 2087 φησι
712 1999 842 2089 θανάτῳ
863 1999 919 2065 τὸν
936 2001 1040 2085 Ἀδᾶμ
1060 2027 1188 2087 συγχω-

103 2099 240 2180 ρηθῆναι
257 2107 375 2167 πεσεῖν.
417 2093 500 2163 dist
522 2095 689 2164 κάνταῦθα
710 2100 878 2185 προσέχειν
900 2091 996 2180 ἄξιον.
1038 2107 1217 2188 parietate

100 2191 159 2278 γὰρ
180 2190 230 2259 ὅτι
255 2194 316 2281 πρὸ
352 2201 409 2282 τῆς
438 2199 599 2283 ἁμαρτιας
631 2193 839 2284 ὄᾶνθρωπος
859 2191 1015 2276 ἀθάνατος
1034 2195 1092 2285 ἢν,
1117 2206 1189 2268 ἐπεὶ

53 2296 166 2370 ποσοῖς
196 2291 353 2362 α’θοῖνατον
381 2295 494 2380 ἔμελλε
512 2307 620 2380 μεῖναι
648 2299 684 2364 sd
708 2301 820 2380 κακόν,
852 2303 884 2366 εἰ
900 2302 946 2382 μή
968 2325 1002 2384 γε
1031 2305 1087 2366 καί
1105 2301 1186 2383 μετὰ

98 2391 155 2476 τὴν
173 2389 295 2479 οἷπάτην
324 2395 342 2460 o‘
368 2392 537 2485 ἄνθρωπος
571 2399 735 2486 οἷθανασιρι
757 2401 859 2483 συζῆν
877 2398 1006 2483 ἔμελλε,
1037 2400 1184 2488 καθάδῆ

99 2495 154 2557 καὶ
171 2491 204 2558 το“
228 2497 400 2582 πρότερονς
418 2497 658 2584 συγκεχώρηται
687 2497 797 2565 λοιπὸν
817 2495 834 2565 ὅ
855 2498 1034 2584 α’θᾰνατος,
1056 2502 1100 2581 ὥς
1123 2496 1184 2589 ἤδη

98 2794 245 2848 adiicitur.”
299 2813 333 2848 ae
356 2812 422 2849 sane
446 2797 527 2850 verba
555 2796 721 2850 considerari
741 2803 846 2850 attente
864 2797 1033 2868 πορίσηται
1052 2797 1075 2848 si
1093 2813 1182 2862 mors,
1237 2851 1241 2857 ,

96 2868 138 2918 nti
155 2877 247 2919 noster
292 2870 317 2920 ic
338 2867 480 2937 theologus
506 2869 646 2940 loquitur,
672 2868 810 2925 hominem
827 2869 892 2921 dolo
913 2869 1121 2936 circumscripsit
1140 2878 1183 2921 at-

96 2955 151 3060 que
168 2939 312 3008 surripuit,
338 2941 449 2992 omnino
476 2949 554 3010 patet
576 2941 741 2994 existimasse
767 2940 888 2992 divinem
914 2936 986 2988 hunc
1006 2937 1092 2988 virum
1117 2947 1182 2992 ant·

109 3010 219 3061 raodesn
244 3010 319 3062 iilam
348 3012 468 3081 corporis
495 3013 577 3063 etiarn
604 3013 710 3064 ratione
737 3011 876 3064 hominem
894 3008 1071 3060 immortalem
1090 3009 1182 3061 fuisse.

96 3080 194 3149 quodsi
211 3079 314 3146 demus,
333 3099 387 3152 quo
406 3081 517 3134 tandem
535 3093 616 3153 pacto
635 3084 707 3136 dixit
724 3092 773 3146 „nt
790 3084 917 3152 patiatur,
936 3089 964 3132 et
982 3080 1087 3148 patiens
1108 3095 1182 3131 com-

95 3152 232 3215 moneiiat,
248 3162 411 3223 propterque
430 3155 645 3222 magnitudinem
661 3164 818 3224 arroganter
837 3153 889 3204 sibi
907 3152 1016 3220 placens
1035 3151 1181 3218 castigetur

96 3238 127 3273 ac
146 3222 321 3276 erudiatur?”
341 3225 445 3294 quippe
462 3225 537 3296 quod
553 3235 596 3279 est
613 3227 778 3289 immortale,
797 3241 970 3294 nequaquam
987 3223 1025 3272 sic
1044 3237 1182 3289 compara-

96 3301 155 3345 tnm
171 3303 213 3346 est
239 3303 271 3347 ut
288 3294 346 3346 ullo
372 3295 454 3347 modo
480 3299 537 3366 pati
560 3299 654 3368 possit.
674 3299 744 3368 qnid
770 3297 862 3348 multis
880 3293 971 3346 verbis
989 3307 1057 3360 opus
1077 3291 1138 3343 est?
1156 3293 1182 3344 si

95 3363 266 3438 passionibus
285 3364 368 3418 homo
385 3367 439 3420 snit
458 3377 521 3420 ante
539 3378 679 3438 peccatmn
698 3368 842 3430 obnoxius,
862 3365 944 3418 etiem
963 3363 1116 3415 necessario
1137 3379 1181 3414 se-

94 3436 188 3504 quitur
204 3453 265 3487 eum
285 3437 368 3490 fuisse
384 3437 485 3490 fluxum
509 3447 539 3492 et
555 3441 704 3505 caducum
733 3441 754 3491 ri
773 3440 860 3489 fluxus
878 3444 949 3498 erat,
969 3434 1110 3504 perspicue
1131 3450 1181 3502 pe-

94 3513 137 3557 tet
151 3507 290 3560 mortalem
307 3507 416 3578 quoque
433 3510 534 3576 fuisse;
560 3513 585 3564 si
602 3520 661 3564 erat
677 3511 799 3564 mortuiis
817 3509 851 3560 ab
869 3507 966 3569 initio,
983 3510 1068 3556 restat
1084 3504 1181 3555 interi-

93 3585 154 3627 tum
169 3586 250 3648 atque
275 3588 388 3632 mortem
413 3598 448 3633 ex
471 3583 660 3636 inobedientia
689 3600 745 3632 non
769 3597 827 3632 esse
853 3587 949 3631 ortam.
976 3575 1005 3626 id
1023 3591 1102 3640 vero,
1121 3593 1181 3628 mea

90 3647 203 3717 quidem
219 3649 362 3718 opinione,
379 3669 458 3703 nemo
475 3655 587 3706 rationis
604 3671 715 3721 compos
733 3652 849 3713 dixerit,
870 3646 980 3720 quando
1001 3646 1040 3698 sic
1057 3649 1181 3699 sentien-

88 3726 133 3770 tes
151 3719 269 3772 indicata
287 3721 405 3788 synodus
422 3725 600 3777 exsecrationi
624 3723 745 3776 subiicit.
765 3722 864 3792 quodsi
883 3717 1028 3786 Gregorius
1048 3717 1179 3770 Adamusn

88 3798 159 3841 ante
183 3794 417 3861 transgressionem
442 3796 558 3864 putabat
575 3796 705 3847 caducum
725 3795 822 3856 fuisse,
839 3792 886 3862 qui
906 3789 938 3840 fit
954 3795 985 3840 ut
1005 3789 1031 3839 ei
1050 3788 1179 3860 deinceps

87 3869 207 3913 mortem
225 3863 293 3914 lucri
310 3865 448 3916 cuiusdam
465 3870 551 3920 instar
566 3867 710 3920 accessisse
727 3864 820 3917 dicat?
836 3865 874 3914 sic
892 3861 965 3912 enim
984 3861 1124 3930 loquitur:
1143 3877 1178 3912 ne

86 3931 192 3982 maium
217 3945 374 4003 perpetuum
396 3938 486 4001 soret,
509 3938 613 3991 Adamo
632 3937 700 3990 deus
730 3935 862 3988 concessit
877 3941 909 3984 ut
928 3948 977 4001 per
995 3941 1109 3985 mortem
1129 3949 1178 3984 ex-

88 4003 268 4072 tingueretur.
296 4023 365 4076 quae
384 4009 443 4078 ipsa
467 4026 578 4080 quoque
597 4009 678 4061 rerba
700 4005 864 4060 considerari
884 4005 1014 4056 attentius
1031 4013 1175 4056 merentur.

86 4091 154 4124 nam
174 4091 209 4124 es
227 4077 266 4126 eis
281 4089 392 4145 apparet
411 4080 495 4132 inisse
521 4079 659 4133 hominem
681 4089 747 4132 ante
764 4085 904 4148 pecs-ntum
920 4076 1108 4127 immortalem.
1127 4071 1175 4138 qui

86 4145 167 4198 enim
181 4147 279 4200 nuum
296 4158 453 4220 perpetuom
469 4153 591 4206 futurum
609 4160 676 4215 eret,
695 4152 720 4204 si
737 4149 818 4202 homo
832 4155 896 4218 post
910 4147 1099 4216 deceptionem
1119 4155 1174 4193 non
