2742 4617
421 227 635 297 ιιιοιιιοιι
662 222 766 293 atas
795 229 848 289 ιι.
1066 194 1154 299 485

60 372 161 453 triv?
180 374 262 439 άλλά
282 376 337 439 καί
356 378 532 443 τελευτῶσα
542 375 645 459 ἔλεγεν
660 378 761 461 μηδὲν
781 379 826 462 rui
836 372 989 462 Παυλίνηι
1007 376 1156 453 συνιδεῖν,

60 475 97 537 εἰ
132 472 191 537 καί
215 476 386 560 φιλοτίμως
406 470 470 557 εἶχε
498 474 578 560 πρὸς
602 470 698 540 αύτόν
725 476 764 537 ού
784 477 906 557 μικραῖς
926 469 981 539 άτε
1001 471 1157 557 συνεργὴὲ

60 595 191 653 σαντα,
222 572 312 657 ἡνίκα
340 574 529 657 Πουλχεράι
550 576 595 663 argi
622 575 781 663 Θεοδοσιληι
807 576 918 639 δοῦναι
938 572 1059 656 ταύτην
1076 571 1157 657 πρὸς
1182 602 1192 633 z

62 673 183 751 λέχους
205 670 367 737 κοινωνίαν
388 670 583 759 ἐφρόντιζεν.

20 768 49 829 5
143 766 241 853 Ὅσην
261 774 296 835 δὲ
324 770 341 835 ιλ
372 768 539 846 Θεοδόσιος
566 764 658 847 ούτος
685 774 901 855 κεκρυμμένην
929 768 1043 853 άρετην
1068 769 1187 834 ἐκέκ-ὓ

59 890 162 951 τητο,
185 872 279 952 δῆλον
297 874 453 937 ι’ντεύθεν.
496 872 636 953 μοναχύς
653 895 702 946 τις
721 868 776 953 ἔτη
795 870 827 953 μ’
850 869 1023 944 δουλεύσας
1041 864 1084 944 nic
1105 870 1159 933 δεῖ

58 968 107 1055 τῷ
137 970 205 1055 θεῷ
225 967 366 1051 ύπίλαβύ
385 992 416 1035 τι
443 972 525 1053 μέγα
551 968 627 1054 περί
652 964 787 1052 ἑαυτοῦ,
807 968 864 1033 καί
880 972 968 1054 ζητεῖ
984 972 1102 1050 μαθεῖν
1120 968 1156 1032 ἐν

57 1069 141 1154 ποίη
162 1064 247 1146 τάξει
267 1072 413 1152 κέκτηται
436 1069 535 1135 αύτόν
555 1068 572 1132 δ
593 1068 678 1149 θεός,
699 1071 755 1133 καὶ
773 1057 928 1151 μανθάνει
947 1063 1054 1148 ύμοιος
1073 1060 1155 1133 εἶναι

61 1167 229 1255 Θεοδοοίιρ
250 1171 294 1254 τῷ
312 1172 450 1249 βασιλεῖ’.
493 1162 623 1251 άτιοίρει
643 1168 754 1233 λοιιιδν
781 1167 861 1252 πρός
880 1167 1003 1245 αύτόν,
1023 1164 1079 1231 καί
1098 1168 1153 1249 ζη·

19 1274 118 1329 orat
131 1270 249 1345 μαθεῖν
278 1266 336 1350 την
366 1265 482 1353 α’ρετην
512 1266 622 1332 αὐτού.
669 1270 726 1333 καί
752 1266 771 1331 o‘
801 1264 954 1349 βασιλεύς
972 1267 1075 1331 πολλά
1093 1267 1154 1346 μὲν

59 1356 155 1451 αύτῷ
175 1362 378 1447 tuccitano
408 1371 525 1449 ἕτερα,
554 1360 621 1435 οἷον
640 1364 860 1452 ξηροκοιτίαν,
882 1367 1071 1445 ἐνδυμενίαν
1086 1367 1154 1448 τρί·

54 1486 167 1545 χινον,
190 1458 315 1549 άτοχην
334 1464 498 1549 γυναικός,
520 1466 686 1549 νηστείαν,
711 1462 941 1550 ἐλεημοσύνην,
964 1468 1152 1545 δικαιοπρα-

54 1561 154 1644 γίαν,
175 1564 230 1627 καί
250 1558 310 1629 ὅσα
327 1566 469 1629 τοιαῦτα.
511 1564 529 1627 δ
552 1567 588 1629 δὲ
615 1561 756 1647 μονοχύς
776 1561 1029 1647 άσαρεσκύμενος
1050 1564 1150 1645 δῆθεν

56 1672 127 1737 τοῖς
147 1663 444 1747 άιιοριθιιηδεῖσιν,
465 1664 608 1746 ἐβιάζετο
628 1662 683 1729 τὸν
707 1666 842 1746 βασιλέα
867 1665 964 1729 εἰπεῖν
987 1664 1042 1726 καί
1060 1659 1145 1745 άίιερ
1155 1675 1184 1729 P.
1192 1676 1245 1731 sos

9 1766 44 1829 ι5
59 1785 91 1824 τι
115 1764 220 1847 ἕτερον
247 1766 356 1845 μεῖζον
382 1765 445 1828 τάν
472 1764 644 1847 εἰρημένων
672 1767 824 1846 κέκτηται.
865 1759 970 1835 καίὃς
991 1758 1094 1841 ἔλεγεν
1113 1762 1149 1827 ἐν

58 1858 165 1947 ἡμέρᾳ
190 1858 321 1925 luctuosi
352 1860 492 1945 θεάτρου
521 1866 687 1945 καθῆσθαι
706 1864 766 1941 μὲν
792 1863 826 1925 ἐν
846 1864 890 1947 cpi
907 1860 1041 1943 συνήθει
1061 1857 1148 1947 τύιιηυ

56 1960 180 2040 aaron,
206 1958 252 2045 μη
281 1961 467 2037 ὄνοτενίζειν
487 1962 522 2025 δὲ
540 1965 586 2047 regi
604 1962 748 2047 θεάτρηι,
768 1967 993 2044 καλλιγραφεΐν
1014 1962 1051 2023 δὲ
1069 1956 1148 2041 ιιρδς

54 2060 202 2143 τούτοις,
225 2061 281 2123 καί
299 2054 384 2123 ούτιο
403 2055 459 2142 τήν,
479 2057 562 2143 ζωὴν
575 2058 675 2123 αύτοῦ
692 2068 762 2135 ταῖς
779 2060 877 2133 ι’δίαις
894 2056 989 2141 χερσί
1007 2080 1147 2140 συγκρα-

55 2166 136 2223 τεῖν.
179 2155 301 2223 τούτων
320 2156 459 2234 α’κούσας
479 2158 496 2221 ιλ
519 2156 657 2241 peragis
677 2154 835 2244 τοσαύτην
854 2158 980 2235 ἐδέξατο
1003 2153 1147 2241 ἔκπληξιν

61 2395 170 2467 (Latine
188 2391 382 2463 benignitatem
400 2392 511 2465 dixeris)
529 2400 621 2459 „tuem
639 2394 733 2461 Sinni,
751 2402 780 2447 et
794 2394 864 2446 muri
882 2392 1083 2459 ilrerosolymse
1101 2393 1145 2444 ina

60 2464 238 2519 staureutur.”
268 2482 328 2517 cum
352 2474 515 2528 moreretur,
541 2464 611 2516 nibil
630 2481 658 2517 se
676 2466 729 2519 sibi
747 2464 782 2517 de
803 2465 916 2518 Paulino
931 2465 1065 2515 consciam
1085 2480 1145 2515 esse

61 2538 145 2597 dixit,
164 2536 216 2586 nisi
244 2535 318 2605 qnod
336 2534 472 2587 bominem
494 2537 680 2605 maguifecerit
708 2544 736 2587 et
760 2537 789 2587 in
814 2536 903 2605 pretio
923 2533 1051 2585 babuerit
1079 2549 1144 2602 pro-

59 2617 154 2679 pterea
180 2604 253 2675 quod
279 2622 335 2658 non
360 2622 454 2675 parum
482 2605 510 2657 icl
535 2607 662 2675 temporis
691 2606 840 2657 adiumenti
865 2606 1018 2668 attulisset,
1034 2620 1095 2657 cum
1112 2621 1144 2656 se

59 2676 201 2731 Pulcheria
216 2675 373 2729 Theodosio
394 2676 469 2729 fratri
487 2676 550 2729 clare
569 2678 622 2729 tori
641 2666 794 2729 consortem
810 2677 961 2728 moliretur.

129 2748 253 2801 Ceterum
274 2747 304 2798 in
320 2746 373 2799 boc
392 2746 547 2799 Theodosio
568 2755 699 2819 quantum
720 2747 829 2799 latentis
849 2755 877 2798 ct
893 2746 1016 2797 occultae
1034 2745 1142 2797 virtutis

58 2818 207 2880 exstiterit,
227 2816 273 2868 vel
290 2817 354 2869 binc
372 2817 463 2886 colligi
482 2826 581 2887 potest.
601 2826 659 2871 erat
682 2817 793 2888 quidam
808 2818 946 2870 solitariae
966 2818 1036 2867 ritae
1053 2823 1142 2867 secta-

58 2900 117 2952 tor,
136 2890 182 2959 qui
201 2904 261 2938 cnm
280 2887 333 2939 deo
353 2887 387 2955 4⁰
406 2897 478 2941 totos
497 2905 580 2941 anuos
598 2889 637 2942 ita
654 2890 792 2940 serviisset
808 2897 840 2939 ut
857 2886 949 2950 decet,
965 2899 1088 2955 magnam
1105 2883 1140 2936 de

59 2958 240 3029 sequendam
258 2959 415 3028 opinionem
434 2967 602 3027 conceperat.
623 2960 718 3030 itaque
745 2974 905 3027 cognoscere
922 2956 1050 3026 cupiebat
1070 2972 1141 3025 quo·

58 3048 120 3083 nam
139 3048 167 3082 se
184 3031 243 3081 loco
262 3029 328 3081 deus
356 3028 476 3081 haberet.
495 3030 663 3097 significatur
679 3032 705 3081 ei
722 3029 851 3081 divinitus
871 3028 1027 3097 imperatori
1048 3024 1142 3078 Theo·

58 3102 135 3153 «losio
146 3118 236 3170 parem
255 3117 322 3153 esse.
341 3109 505 3169 quapropter
518 3098 554 3151 acl
566 3100 755 3169 imperatorem
768 3116 796 3151 se
814 3098 927 3160 confert,
945 3097 1020 3149 illius
1038 3104 1140 3167 quanta

55 3174 138 3225 virtus
157 3172 228 3223 λοισι
249 3171 388 3240 explorare
406 3172 510 3225 nititur.
530 3169 555 3221 ei
573 3170 707 3239 permulta
724 3170 854 3239 patefacit
872 3171 1034 3290 imperator,
1062 3166 1140 3219 verbi

57 3242 139 3313 gratia
149 3240 222 3311 quod
231 3241 313 3293 aridis
323 3248 427 3293 tantum
438 3240 505 3293 cibis
515 3238 662 3309 degustatis
677 3240 789 3292 cubaret
798 3243 833 3311 '),
845 3257 899 3310 quo
938 3258 966 3290 aa
987 3256 1032 3289 era
1048 3246 1141 3289 utere-

57 3326 102 3366 tur
115 3312 243 3373 interula,
272 3311 347 3381 quod
366 3311 515 3363 abstineret
538 3310 571 3363 ab
591 3311 681 3363 uxoria
700 3310 886 3381 amplexibus,
904 3256 985 3380 quoii
995 3310 1141 3370 ieiuuarct,

58 3382 130 3455 quod
148 3383 344 3451 benignitatem
363 3390 500 3434 exerceret
517 3382 546 3433 in
564 3398 711 3451 pauperes,
733 3380 806 3452 quod
823 3382 943 3432 iustitiae
961 3382 1091 3432 rationem
1110 3378 1140 3431 λιι

57 3452 208 3507 actionibus
232 3453 286 3505 suis
311 3452 442 3515 baberet,
465 3452 574 3521 aliaque
599 3452 672 3503 talia.
705 3470 765 3503 cum
789 3451 855 3503 haec
871 3460 1026 3502 enrrmerata
1044 3467 1139 3519 parurn

57 3524 187 3577 rnouncbo
205 3522 397 3587 satisfacerent,
416 3524 603 3593 imperatorem
623 3521 703 3573 lateri
722 3523 818 3590 coegit,
834 3522 974 3591 numquid
994 3521 1036 3572 bis
1054 3520 1139 3570 nraius

59 3596 94 3649 ab
112 3596 167 3665 ipso
185 3602 371 3663 praestaretur.
394 3604 451 3647 tum
468 3596 615 3713 imperator
633 3591 767 3663 „quibus”
785 3592 824 3644 ait
840 3591 956 3655 „diebus
975 3592 1138 3661 equestrium

9 3674 17 3701 ¹
60 3668 230 3719 certaminum
260 3665 413 3733 spectacula
446 3663 506 3715 exhi
529 3672 621 3727 entur,
652 3662 778 3733 equidem
805 3671 935 3714 consrreto
962 3663 1023 3713 loco
1041 3661 1138 3725 sedeo,

58 3755 148 3789 verum
167 3735 259 3786 oculos
277 3736 306 3787 in
324 3736 382 3805 ipsa
400 3736 552 3804 spectacula
571 3732 673 3784 defixos
692 3749 748 3784 non
764 3732 880 3784 babeo”
896 3742 1035 3803 praeterea
1051 3733 1140 3783 lassus

60 3816 101 3859 est
119 3824 145 3859 se
159 3806 243 3857 libros
262 3806 399 3874 eleganter
420 3822 451 3857 ac
469 3804 569 3857 munde
582 3802 743 3869 describere,
763 3812 844 3872 atque
865 3804 916 3854 boc
930 3812 1010 3873 pacto
1027 3804 1140 3856 suismet

61 3878 224 3932 laborantem
241 3876 364 3929 manibus
382 3877 464 3933 vitam
480 3877 620 3929 sustinere.
642 3872 744 3946 quibus
765 3873 867 3927 auditis
885 3881 1025 3945 tantopere
1042 3892 1138 3927 mona-

126 4030 149 4098 *)
165 4028 231 4098 quid
258 4030 282 4083 ιλ
301 4030 334 4083 ad
350 4034 505 4101 perpensatur
523 4032 612 4099 potius
642 4046 682 4081 res
704 4030 806 4091 exerit,
824 4028 982 4081 nutrituram
998 4031 1028 4083 in
1049 4046 1138 4083 assere

126 4109 212 4153 storea
229 4109 311 4155 matta
326 4112 372 4155 aut
392 4104 463 4156 nuda
484 4104 564 4157 Ιιιιιιιο
586 4048 708 4157 cubaucii
724 4100 877 4155 rationem?
898 4102 972 4155 Lana.
