2742 4617
442 219 786 288 maurannus
817 225 843 288 ι.
1104 201 1182 286 ιι3

94 381 234 448 τοιαάτα
254 373 524 460 ποραμήννσθαι.
545 375 599 460 ἐφ’
619 363 644 462 ᾧ
662 371 720 448 τάς
739 375 866 458 ἐχίδνας
885 373 1183 464 παραλαμβάνομεν,

96 481 162 546 σόν
179 479 224 567 aqi
256 473 378 560 οάραίρι
411 471 470 555 τοὶς
488 470 629 558 κεφαλάς
649 465 889 556 ἐπιτέμνοντες,
910 476 944 540 ἐν
964 469 1046 550 cici
1067 459 1184 542 κόκίοιν

95 577 219 661 χυμός,
241 574 403 641 τουτέστιν
419 568 515 648 αάτός
531 569 550 634 ό
564 570 621 647 ι’ός.
660 570 720 647 τάς
732 573 833 655 μέσας
848 565 906 640 σόν
929 570 1049 661 σάρκας
1070 577 1186 658 infidi·
1212 563 1223 585 ⁸

97 683 204 750 λοντες
222 670 427 757 ἰσχυρότερον
444 674 595 750 ποιοῦμεν
612 669 648 735 τό
671 669 849 758 φάρμακον.

66 777 91 838 5
183 775 224 839 Es‘
244 774 280 836 δὲ
306 771 362 834 καί
380 764 455 833 ὅθεν
486 768 639 856 ἐπενοήθη
659 775 723 835 τοῖν
743 772 910 854 ἐχιδναίονν
929 773 1054 856 σαρκῶν
1074 772 1096 860 d
1114 774 1213 850 ἐπί-ο

97 878 185 956 μιξις
203 872 326 946 ἐθέλεις
343 873 482 950 μαθεῖν,
519 865 537 932 o‘
557 869 643 953 παρά
664 873 744 935 πᾶσι
764 867 880 954 σχεδόν
901 871 1074 957 φερόμενος
1096 871 1194 959 λόγος’

98 975 157 1037 καί
176 975 269 1036 τοῦτο
299 963 362 1052 ήδη
383 966 504 1046 διδάξει
528 971 576 1040 σί.
629 970 752 1051 λέγεται
771 968 833 1056 γάρ
866 964 917 1035 ότι
936 969 1014 1036 κατά
1035 969 1091 1056 τήν
1109 997 1185 1059 πρε-

97 1073 259 1155 σβυτέραν
274 1062 400 1149 Ῥιόμην
421 1062 489 1155 οῗρρι
507 1068 622 1150 θέρους
642 1059 754 1154 όνδρές
781 1069 864 1145 τινὲς
893 1064 1036 1152 στάχυας
1053 1068 1184 1144 ἔτιλλον.

97 1172 160 1234 καί
183 1169 277 1235 τοῦτο
297 1169 461 1241 ποιοῦντες
491 1167 580 1249 δίψει
608 1170 751 1250 γίνονται
770 1163 909 1252 κάτοχοι.
948 1165 1046 1258 ταύτῃ
1065 1192 1114 1235 τοι
1131 1173 1186 1256 καί

53 1292 90 1334 ιο
99 1266 183 1352 πρός
202 1266 326 1350 ἐγγείου
342 1261 473 1350 ἔτρεχον
494 1261 580 1330 οἴνου
600 1262 730 1348 μεστόν,
751 1266 925 1358 ἐλπίζοντες
944 1270 1064 1334 ἐκεῖθεν
1082 1273 1185 1336 αἰιαλ-

98 1362 204 1450 λαγήν
223 1367 279 1449 τῆς
298 1366 395 1449 δίψης
415 1359 531 1460 εόρεῖν.
573 1364 643 1428 ἀλλ’
662 1363 849 1452 ἐσφάλησαν
867 1369 926 1432 rosi
949 1370 1086 1433 σκοποῦ·
1117 1367 1186 1452 ἐχις
1243 1439 1252 1452 ,

96 1464 166 1551 γάρ
188 1467 306 1530 ἐκεῖθεν
327 1461 479 1549 αἰφνήδόν
499 1459 701 1546 ἐκπηδήσασα
722 1465 776 1548 τής
797 1460 899 1551 ἐρμής
919 1463 1033 1542 carimde
1056 1469 1187 1552 α’νεχαί·

97 1587 182 1631 τισε.
222 1565 257 1627 τί
272 1560 306 1627 τό
319 1561 374 1626 ἐπί
393 1561 514 1638 τούτοις
521 1586 535 1641 ,·
557 1561 756 1642 λαμβάνουσι
777 1561 831 1627 τόν
852 1559 934 1629 οἶνον
953 1567 1008 1629 καί
1027 1565 1185 1655 α’νθροόπιρ

96 1664 168 1728 τινί
185 1664 389 1748 λελωβημένα
408 1657 570 1742 διδόασιν,
592 1659 636 1736 οἷς
662 1663 806 1726 ἐντεῦθεν
827 1661 924 1728 αέτόν
943 1666 1057 1730 θᾶττον
1075 1667 1188 1750 ἐκστή-

53 1772 154 1835 ι5ναι
172 1764 238 1827 τοῖιν
258 1752 321 1825 ὧδε
342 1758 398 1825 καί
410 1757 455 1842 μή
477 1755 512 1824 τὸ
533 1761 590 1842 ζῆν
608 1755 711 1837 οότοις
740 1757 825 1843 ἐχειν
844 1757 1015 1829 ἐπάδονον.
1059 1766 1187 1847 δέχεται

99 1859 158 1927 τόν
181 1854 268 1926 οἶνον
295 1859 424 1941 ἐκεῖνος,
445 1860 522 1939 μεθ’
549 1858 663 1943 ἡδονῆς
682 1861 821 1948 ἐκροφᾷ,
843 1863 898 1926 καί
915 1865 1111 1946 παραχρῆμα
1129 1866 1216 1950 τήςῃ
1253 1923 1257 1930 .

98 1959 197 2026 νόσου
227 1953 384 2044 λύτρωσιν
410 1952 539 2038 edocto.
594 1954 698 2022 ἔκτοτε
718 1952 776 2022 σόν
797 1955 831 2022 αἱ
851 1960 906 2043 τής
926 1961 1051 2044 ἐχίδνης
1071 1961 1184 2047 σάρκες

100 2057 309 2139 ἐμβάλλονται
338 2058 382 2144 τῷ
401 2054 572 2144 φαρμάκῳ.
624 2054 706 2120 άλλά
729 2054 784 2121 καί
811 2055 969 2143 θηριακήν
988 2055 1023 2124 τό
1044 2063 1186 2126 τοιοῦτον

101 2155 156 2221 διά
177 2156 233 2234 τός
251 2159 314 2221 τῶν
331 2158 455 2240 θηρίων
471 2153 589 2241 σάρκας
619 2151 870 2238 ἐπονομάζουσι,
893 2158 948 2222 καί
967 2153 1016 2223 ότι
1036 2165 1101 2234 τοϊς
1121 2157 1183 2224 άπό

54 2258 163 2327 ,ossis
183 2247 289 2341 όφιιυν
310 2254 446 2336 δήγμασι
468 2258 523 2319 καί
543 2257 631 2336 μάλα
652 2252 688 2321 τό
710 2256 854 2319 τοιοῦτον
873 2251 1032 2341 ἁρμόττει.
1070 2259 1128 2340 τής
1148 2258 1185 2322 δέ

99 2352 246 2438 τοιαύτης
275 2352 463 2438 ἐπινοήσεονς
490 2349 712 2438 Ἀνδρόμαχός
733 2377 781 2428 τις
813 2357 937 2439 γέγονεν
956 2353 1077 2439 αἴτιος,
1098 2353 1181 2422 καθά

101 2477 184 2540 φησι
205 2456 235 2521 Γ
233 2451 364 2538 οληνός,
385 2452 590 2535 συνακμάσας
608 2453 653 2542 τῷ
673 2454 808 2539 Νέρωνι.

101 2789 144 2832 co,
162 2771 194 2824 id
211 2779 254 2824 est
271 2771 412 2825 theriacas
423 2769 555 2842 quasdam
570 2769 686 2826 misceri.
699 2787 754 2842 quo
768 2769 800 2824 fis
816 2777 846 2823 ut
863 2786 922 2824 cum
940 2769 976 2823 ad
992 2785 1070 2824 usum
1091 2787 1183 2828 sarum

99 2845 207 2912 viperas
226 2844 364 2907 sumimus,
381 2861 434 2896 una
453 2860 513 2895 cum
531 2842 618 2896 cauda
634 2852 718 2912 caput
731 2841 924 2912 praecidamus,
942 2841 1041 2912 quibus
1055 2843 1083 2894 iu
1097 2846 1186 2913 parti.

100 2914 153 2964 bas
169 2914 269 2966 humor
284 2915 333 2965 iiie
360 2912 490 2978 deterior,
510 2915 638 2966 nimirum
658 2915 732 2966 viros
753 2914 852 2982 ipsum,
874 2913 973 2964 existit.
990 2913 1107 2983 ideoque
1125 2931 1184 2967 car-

99 2999 150 3036 nes
168 2985 253 3036 medii
270 2985 389 3054 corporis
402 2994 558 3038 enecantes
575 2984 747 3054 pharmacum
757 2983 927 3053 praesentius
947 2983 1082 3035 efficimus.

170 3054 278 3124 Quodsi
296 3057 376 3106 etiam
394 3057 463 3107 scire
474 3057 549 3124 cupis
565 3054 637 3106 unde
650 3055 765 3124 primum
786 3055 822 3106 sit
836 3063 933 3116 ortum,
953 3056 1028 3124 quod
1044 3053 1182 3108 theriacae

98 3125 254 3194 viperarum
275 3142 368 3178 carnes
390 3126 545 3189 miscentur,
564 3123 617 3176 hoc
632 3127 720 3194 ipsum
739 3141 773 3176 ex
789 3133 855 3176 nota
871 3125 950 3193 vulgo
967 3127 1121 3176 narratione
1139 3127 1182 3178 sa-

99 3195 153 3246 cide
173 3212 328 3265 cognoscet.
348 3195 483 3265 proditum
501 3204 543 3249 est
562 3196 634 3248 enim
655 3195 801 3248 memoriae
826 3195 958 3264 quosdam
979 3197 1053 3247 iuxta
1070 3198 1182 3248 Romana

98 3274 236 3332 veterem,
253 3283 316 3318 cum
332 3266 434 3319 aestivo
451 3274 572 3336 tempore
590 3267 678 3335 spicas
705 3266 856 3328 vellerent,
872 3266 917 3316 siti
935 3265 1018 3317 fuisse
1036 3273 1182 3335 correptos.

99 3337 194 3406 itaque
219 3339 359 3390 saecolum
385 3337 421 3388 ad
448 3335 584 3408 quoddam
603 3337 668 3406 sino
695 3337 804 3406 pienum
822 3336 988 3398 cucurrisse,
1007 3334 1082 3403 quod
1101 3351 1133 3386 eo
1152 3352 1182 3388 se

98 3407 172 3458 sitim
188 3408 358 3460 extincturos
378 3417 525 3477 sperarent.
543 3424 637 3460 aerum
654 3423 686 3458 ea
704 3423 750 3476 spe
770 3405 914 3458 excidisse:
942 3421 1004 3456 nam
1024 3405 1116 3474 vipera
1135 3421 1182 3476 su,

99 3474 158 3528 bito
179 3479 246 3530 inde
272 3479 415 3548 prosiliens
432 3478 555 3530 homines
572 3478 607 3530 ab
632 3479 757 3530 instituto
779 3475 930 3530 revocabat.
949 3473 1016 3544 quid
1034 3473 1183 3528 secundum

98 3544 167 3598 haec
191 3549 304 3602 evenit?
335 3557 444 3601 sumunt
463 3551 569 3612 vinum,
599 3548 684 3631 idque
708 3545 812 3598 cuidam
836 3544 941 3598 homini
958 3545 1056 3596 misere
1072 3545 1180 3598 adiecto

98 3620 249 3687 porrigunt,
267 3628 299 3671 ut
315 3619 367 3670 hoc
382 3628 464 3691 epoto
485 3621 565 3671 citius
581 3626 664 3670 tantis
682 3616 821 3670 doloribus
837 3617 1008 3677 liberaretur,
1025 3631 1076 3667 nec
1093 3631 1180 3688 usque

96 3687 168 3740 adeo
188 3691 293 3743 tristem
316 3690 432 3760 amplius
455 3690 538 3742 vitam
569 3697 666 3758 ageret
695 3688 793 3756 accipit
820 3689 942 3741 oblatum
959 3685 1008 3736 ille
1025 3687 1132 3751 vinum,
1152 3697 1181 3742 et

96 3775 159 3812 αισι
177 3762 317 3831 voluptate
330 3760 460 3812 exhaurit.
472 3777 535 3811 mox
551 3775 609 3810 sese
629 3757 724 3810 morbo
741 3757 852 3809 liberari
869 3754 1066 3810 animadvertit.
1084 3773 1180 3827 quaru-

96 3830 191 3882 obrem
210 3831 313 3882 abillo
337 3839 460 3899 tempore
480 3845 572 3882 carnes
588 3829 614 3880 vi
636 3829 728 3880 erinae
745 3827 810 3879 huic
828 3827 970 3898 pharmaco
987 3827 1093 3880 misceri
1114 3845 1182 3880 con.

95 3911 259 3964 sueverunt,
279 3903 323 3954 cui
341 3901 477 3954 theriacae
493 3916 592 3953 nomen
624 3909 698 3951 atum
718 3907 760 3950 est
778 3915 793 3948 a
812 3897 875 3948 seris
896 3905 978 3967 atque
996 3896 1099 3962 bestiis,
1118 3897 1181 3967 qui-

95 3968 148 4022 bos
165 3973 201 4024 ad
220 3989 279 4023 eam
299 3970 494 4024 conficiendam
519 3972 627 4022 utimur.
649 3978 677 4022 et
695 3967 823 4021 conducit
839 3968 869 4018 in
884 3969 976 4024 orimis
994 3968 1029 4020 ad
1046 3968 1181 4020 sanandos

94 4049 253 4109 serpentum
272 4059 382 4094 morsus.
399 4050 495 4094 auctor
513 4041 618 4092 inventi
634 4040 758 4108 princeps
772 4039 856 4090 fuisse
873 4038 958 4089 fertur
979 4037 1180 4096 Andromachus

94 4111 224 4180 qnidam,
242 4121 274 4166 ut
293 4112 413 4166 Galenus
432 4111 555 4182 scripsit,
571 4111 619 4180 qui
638 4110 753 4164 Neronis
771 4117 860 4162 aetate
877 4109 954 4164 vixit.

159 4225 273 4292 Glycon
477 4284 481 4289 ⁴
504 4300 512 4315 ἱ
824 4205 827 4218 “
972 4214 989 4262 ⁸
