2742 4617
432 319 647 386 ermestun
677 319 782 386 runs
806 323 841 382 1.·
1095 286 1173 389 ¹43

80 476 249 563 στοιχείων
269 477 401 539 ἕκαστον
425 469 468 551 σός
487 473 552 540 ἔστι
572 478 673 557 μένει.
711 467 777 540 οἷον
800 470 857 538 ἐὰν
873 465 972 556 λάβῃς
1002 467 1104 550 βόλον
1122 469 1178 550 τῆς

81 585 156 664 γῆς,
180 575 226 650 ὥς
247 571 314 639 ἔστι
337 576 438 655 μένει.
487 570 578 660 ὕδωρ
600 572 656 639 ἐὰν
676 568 781 660 λάβῃς,
800 572 906 658 μέτρῳ
935 569 1016 649 τινί,
1039 565 1074 632 τό
1099 563 1177 632 adad

82 682 174 762 μένει
192 670 283 759 όδωρ
304 677 361 737 καί
378 673 562 758 προσθήκην
583 672 624 736 osi
636 669 801 754 λαμβάνει.
821 671 914 753 δέρος
937 663 994 733 ἐόν
1014 664 1181 755 πληρώσῃς

84 773 197 857 doxis,
221 768 431 839 όλλανυῖσιιότ
453 774 488 851 ἒξ
507 773 628 849 ἐκείνου
649 774 817 854 πληρῶσαι
839 767 877 832 ου’
899 765 1046 832 δόνασαι.
1086 767 1121 831 τό
1145 767 1181 830 δὲ

56 879 174 958 ὅπῦρ,
197 869 241 950 ιός
259 869 366 952 ἔστιν,
396 870 434 934 osi
453 873 560 955 με’νει,
590 873 657 936 ἀλλ’
677 867 755 954 όσην
775 866 833 934 ἐόν
852 865 953 954 λάβῃς
973 861 1068 952 dispo,
1089 872 1182 931 πλεο-

85 973 181 1054 νάζει
212 971 247 1039 τό
280 973 359 1057 πῦρ.
381 971 437 1034 καί
463 967 600 1054 λόχνους
635 971 671 1036 δὲ
691 965 825 1044 πολλοὺς
845 964 902 1032 ἐόν
920 969 953 1045 ἔξ
974 959 1043 1042 ἑνός
1064 961 1211 1050 λόχνσυΒ

74 1059 198 1161 ἕψῃς,
222 1072 265 1133 od
291 1059 525 1154 καινοίομὴσεις
553 1067 661 1137 αὐτόν.
703 1059 895 1155 προσφόροις
917 1059 975 1130 σόν
996 1060 1093 1130 αὐτόν
1113 1059 1185 1130 ἐκό-

88 1179 183 1238 λεσεν
202 1163 384 1253 ἄνθρωπον.
440 1167 522 1234 κατὰ
542 1171 633 1234 τοῦτο
659 1170 695 1234 δὲ
716 1169 772 1234 καί
790 1171 834 1255 τῷ
852 1167 909 1231 τοῦ
928 1164 1032 1248 Ἆδόμ
1055 1163 1186 1247 ὀνόματι

89 1265 349 1356 προσηγόρευσεν
369 1265 477 1333 αὐτόν.
534 1267 645 1355 ἐπειδὴ
665 1267 726 1352 γόρ
753 1261 887 1349 ἤμελλεν
904 1262 944 1332 τό
962 1266 1102 1349 τέσσαρα
1121 1263 1188 1328 κλί-

45 1399 82 1439 ιο
92 1395 182 1454 ματα
202 1373 237 1446 ἔξ
258 1361 360 1432 αὐτοῦ
388 1369 608 1452 πληροῦσθαι,
631 1364 667 1432 τό
690 1371 832 1432 τοιοῦτον
853 1359 942 1453 αὐτῷ
961 1361 1189 1450 προσεπιτίθη·

92 1495 150 1536 σιν
171 1463 284 1550 ὄνομα.
325 1465 381 1531 καί
412 1461 473 1550 όρα
501 1463 543 1532 τό
578 1469 637 1531 τοῦ
661 1461 807 1531 τοιοότυυ
834 1462 987 1548 ὀνόματος
1006 1459 1189 1548 γράμματα.

93 1568 141 1635 τό
163 1571 301 1652 τέσσαρα
322 1566 382 1651 γὰρ
403 1565 644 1653 όπεμφαίνουσι
662 1567 819 1648 κλίματα·
840 1557 929 1652 όλφα
950 1563 1098 1647 α’νατολὴ,
1118 1563 1188 1628 δίλ-

94 1693 142 1734 τα
161 1664 271 1746 δόσις,
293 1658 385 1750 όλφα
404 1659 535 1750 ἄρκτος,
564 1667 611 1746 μό
630 1666 824 1750 μεσημβρία.
867 1666 971 1738 καλῶς
990 1656 1049 1728 σόν
1069 1658 1104 1727 τό
1125 1683 1189 1725 τοι·

96 1770 196 1832 odron
211 1768 292 1845 ζῶον
306 1767 362 1828 καί
375 1760 483 1844 Ἀδόμ
502 1766 557 1828 καί
575 1762 745 1849 ἄνθρωπον
765 1760 1034 1849 προσηγόρευσεν·
1076 1763 1110 1840 ἐξ
1131 1760 1191 1826 ad·

51 1867 157 1938 ι5τοῖι
176 1862 261 1948 γάρ,
291 1863 336 1939 ὥς
364 1865 564 1948 προείρηται,
598 1861 640 1928 τό
661 1867 801 1946 τέσσαρα
821 1861 1025 1948 πεπλήρωται
1044 1861 1191 1942 κλίματα.

76 1967 185 2048 -λόγει
208 1961 273 2048 γόρ
302 1962 324 2047 ἦ
351 1958 461 2050 γραφή
493 1964 570 2044 „eoi
601 1961 777 2048 ε’φότευσεν
807 1959 920 2037 diedo
943 1958 1138 2043 παράδεισον
1158 1961 1221 2024 ε’νῦ

96 2066 198 2146 Ἔδὲμ,
210 2061 290 2127 κατὰ
311 2059 498 2137 1οἷνατσλα’ς.”
539 2058 592 2126 διό
609 2064 645 2126 τί
660 2063 694 2126 δὲ
709 2059 753 2144 μή
776 2063 821 2138 είς
841 2054 918 2124 sitio
941 2057 1037 2142 κλίμα
1057 2055 1113 2124 τόν
1133 2083 1194 2123 πα-

100 2163 251 2243 ράδεισον
281 2161 473 2248 ἐφύτευσεν,
503 2159 583 2225 ἄλλό
607 2166 677 2224 κατ’
705 2157 873 2240 ἀνατολόςς
902 2153 1013 2243 όθενῆ
1034 2153 1119 2241 ἇρχῆ
1139 2159 1195 2222 τοῦ

102 2263 225 2347 δρόμου
252 2262 314 2326 τῶν
335 2256 532 2347 φωστήρων,
561 2261 683 2324 ἐκεῖθεν
704 2255 793 2346 ααίῆ
819 2255 955 2343 διαγωγὴ
981 2261 1044 2322 τῶν
1064 2254 1193 2343 α’νδρυό.

53 2385 183 2436 wranov.
237 2358 415 2444 προμηνόει
443 2359 459 2424 ό
490 2357 566 2435 θεός
583 2356 618 2424 τό
648 2363 776 2441 μέλλον.
817 2356 897 2422 κατὰ
918 2355 1073 2441 α’νατυλῆν
1096 2359 1131 2422 λυ
1150 2359 1196 2445 τῷ

102 2460 288 2548 παραδείσῳ
308 2461 418 2544 τίθησι
437 2455 494 2524 τόν
516 2450 700 2544 ἄνθρωπον,
725 2461 779 2525 ἵνα
805 2460 889 2545 δείξῃ
909 2453 957 2523 ότι
978 2451 1084 2541 ὥσπερ
1107 2448 1196 2521 οὗτοι

105 2560 137 2624 οῖ
158 2562 326 2647 φωστῆρες
346 2560 552 2624 ἀνατέλλουσα
572 2559 628 2623 καί
645 2563 812 2644 τρέχουσιν
834 2559 879 2634 εἰς
901 2553 992 2622 δόσιν
1012 2559 1066 2620 καί
1085 2556 1197 2620 ‹idron-

107 2683 172 2742 σιν,
193 2654 291 2734 νότος
302 2655 359 2724 καί
377 2660 489 2724 τοῦτον
503 2661 558 2724 dei
574 2654 637 2723 dud
659 2662 714 2743 τῆς
737 2658 818 2744 ζωῆς
838 2659 884 2734 εἰς
904 2654 1045 2722 θάνατον
1065 2657 1198 2743 δραμεῖν

20 2988 25 3000 ,
109 2934 133 2985 si
143 2947 242 3001 aquam
253 2945 379 2982 mensure
391 2927 508 2998 quadam
526 2929 626 2998 capias,
643 2938 735 2980 manet
748 2927 842 2980 eadem
855 2943 926 2999 aqua
938 2942 989 2979 nec
1002 2927 1199 2981 incrementum

108 3006 200 3057 sumit.
219 3002 244 3053 si
261 3010 349 3052 utrem
367 3004 430 3051 acre
448 2999 593 3068 complens,
611 3017 668 3051 non
689 3008 767 3069 potes
789 3017 822 3051 ex
846 3015 879 3051 eo
897 3008 984 3050 utrem
1005 2999 1088 3051 alium
1108 2999 1200 3070 reple-

108 3092 148 3126 re.
164 3089 261 3126 uerum
279 3071 349 3139 ignis
368 3070 406 3122 ita
425 3087 482 3122 non
498 3078 591 3121 manet
616 3079 649 3122 nt
666 3073 771 3135 existit,
791 3069 839 3122 sed
856 3087 910 3141 quo
928 3071 1050 3122 materiei
1070 3069 1131 3140 plus
1151 3069 1201 3120 ud-

130 3145 271 3206 obiverit,
295 3159 329 3194 eo
348 3143 380 3192 fit
396 3142 490 3191 maior.
514 3140 610 3192 itidem
628 3143 651 3192 si
675 3159 729 3194 uno
755 3141 864 3194 lucerna
892 3142 991 3193 multas
1013 3141 1080 3192 olias
1105 3157 1202 3192 accen·

108 3163 199 3279 deris,
218 3215 317 3266 iccirco
341 3214 401 3281 ipsa
423 3228 480 3263 non
499 3211 680 3264 exhaurietur.
702 3221 869 3284 quapropter
893 3221 966 3264 recte
980 3211 1084 3265 homini
1101 3229 1203 3265 nomen

108 3287 164 3338 hoc
182 3284 302 3337 inditum
321 3291 371 3347 est,
388 3283 458 3334 sicut
475 3282 570 3334 eadem
584 3299 617 3335 ex
630 3300 710 3335 causa
726 3283 841 3335 eundem
851 3283 982 3336 Adamum
995 3283 1062 3336 deus
1079 3283 1203 3354 appella·

107 3359 159 3410 vit
176 3373 239 3408 nam
269 3355 336 3425 quia
354 3362 443 3406 terrae
467 3361 596 3422 quattuor
616 3354 724 3406 climata
743 3356 924 3424 completurus
941 3363 1016 3418 erat,
1034 3373 1090 3407 non
1107 3355 1155 3406 ube
1174 3369 1203 3405 re
1307 3385 1311 3394 ·

108 3445 214 3481 nomen
232 3425 287 3478 hoc
304 3432 464 3476 consecutus
483 3433 534 3478 est.
555 3427 613 3476 eius
634 3425 702 3476 mihi
719 3441 820 3494 quaeso
838 3426 942 3476 litteras
962 3427 1111 3488 considera,
1132 3439 1204 3496 quoe

109 3507 246 3568 quattuor
265 3497 316 3548 illa
333 3495 442 3548 climata
459 3494 601 3547 denotant.
619 3497 641 3547 A
659 3497 795 3564 significat
810 3497 950 3558 anatolen,
968 3493 1020 3548 hoc
1041 3503 1082 3549 est
1100 3505 1204 3562 ortum3

109 3569 137 3621 D
155 3569 253 3637 dysin,
280 3565 334 3618 hoc
356 3575 399 3618 est
423 3565 608 3630 occidentem
634 3565 657 3616 A
683 3583 774 3618 rursus
792 3575 907 3631 arctum,
936 3565 989 3616 hoc
1007 3575 1049 3618 eat
1065 3583 1155 3618 ursam
1173 3582 1206 3619 ac

108 3639 345 3709 septentrionem
361 3637 391 3688 Μ
409 3635 530 3706 deniqne
550 3636 701 3688 meridiem,
720 3645 854 3689 caeterum
871 3637 952 3688 sacris
970 3637 998 3688 in
1020 3637 1119 3690 litteris
1138 3637 1206 3690 haec

107 3710 197 3763 verba
216 3717 369 3778 sequuntur
392 3706 473 3777 (Gen.
491 3725 507 3758 n
524 3707 554 3779 8)
572 3709 712 3771 „consevit
737 3707 804 3760 deus
821 3707 973 3779 paradisum
992 3707 1021 3759 in
1042 3707 1126 3760 Edem
1144 3723 1215 3782 ver-⁸

107 3799 158 3835 sus
175 3781 337 3832 orientem.’'
359 3794 409 3829 cur
431 3795 488 3829 non
504 3793 596 3829 versus
614 3779 690 3829 siiud
707 3779 786 3830 clima
805 3778 958 3849 paradisum
976 3780 1096 3830 consevit
1113 3780 1206 3849 potius

106 3869 198 3924 quam
222 3848 431 3902 adorientem?
449 3848 522 3900 onde
540 3849 650 3902 initium
667 3865 760 3901 cursus
778 3851 967 3912 luminarium,
986 3849 1025 3900 ibi
1045 3857 1073 3902 et
1092 3849 1207 3902 domici·
1262 3859 1273 3884 ο

105 3925 182 3976 liuns
210 3939 271 3974 esse
298 3920 439 3972 hominum
456 3920 552 3972 votuit.
571 3937 602 3971 sc
634 3929 775 3990 praeterea
792 3920 868 3990 quod
886 3919 1006 3972 futurum
1024 3929 1083 3973 etat
1104 3921 1207 3990 signifi·

106 4009 307 4063 cans,·versns
330 3992 466 4044 orientem
493 3991 521 4041 in
539 3986 664 4060 paradiso
694 3991 811 4043 collocat
830 3990 982 4057 hominem;
1000 3999 1032 4044 ut
1050 3991 1209 4044 ostenderet

106 4064 215 4119 itidem
233 4073 317 4132 atque
335 4061 479 4114 luminaria
496 4063 656 4113 exoriuntur
675 4069 704 4114 et
720 4078 811 4115 versus
830 4062 998 4115 occidentem
1019 4078 1097 4114 cursu
1116 4061 1208 4113 delata

106 4134 266 4197 occidunt,
289 4134 328 4185 sic
346 4133 486 4185 hominem
510 4147 621 4203 quoque
646 4131 681 4183 de
699 4131 754 4186 vita
782 4142 972 4204 perventurum
994 4133 1028 4186 ad
1046 4140 1159 4184 mortem
1177 4147 1208 4182 ac

106 4206 295 4261 luminarium
316 4219 391 4257 more
418 4219 577 4256 occasurum
601 4203 740 4274 aliumque
757 4221 847 4258 rursus
868 4213 957 4258 ortum
976 4203 1147 4266 habiturum,
1167 4202 1224 4267 εἰ·Ι
