<?xml version="1.0" encoding="UTF-8"?>
<!DOCTYPE html PUBLIC "-//W3C//DTD XHTML 1.0 Transitional//EN"
    "http://www.w3.org/TR/xhtml1/DTD/xhtml1-transitional.dtd">
<html xmlns="http://www.w3.org/1999/xhtml" xml:lang="en" lang="en">
 <head>
  <title>
</title>
<meta http-equiv="Content-Type" content="text/html;charset=utf-8" />
  <meta name='ocr-system' content='tesseract 3.04.00' />
  <meta name='ocr-capabilities' content='ocr_page ocr_carea ocr_par ocr_line ocrx_word'/>
</head>
<body>
  <div class='ocr_page' id='page_1' title='image "./michaelisglycae01glycgoog/michaelisglycae01glycgoog_0284.png"; bbox 0 0 2742 4617; ppageno 0'>
   <div class='ocr_carea' id='block_1_1' title="bbox 208 266 944 352">
    <p class='ocr_par' dir='ltr' id='par_1_1' title="bbox 208 266 944 352">
     <span class='ocr_line' id='line_1_1' title="bbox 208 266 944 352; baseline -0.003 -2"><span class='ocrx_word' id='word_1_1' title='bbox 208 266 290 350; x_wconf 80' lang='lat'><strong><em>228</em></strong></span> <span class='ocrx_word' id='word_1_2' title='bbox 536 287 751 352; x_wconf 75' lang='lat' dir='ltr'><strong>urcussnrs</strong></span> <span class='ocrx_word' id='word_1_3' title='bbox 783 285 944 352; x_wconf 76' lang='lat' dir='ltr'><strong>essese</strong></span> 
     </span>
    </p>
   </div>
   <div class='ocr_carea' id='block_1_2' title="bbox 174 447 1369 2621">
    <p class='ocr_par' dir='ltr' id='par_1_2' title="bbox 174 447 1369 2621">
     <span class='ocr_line' id='line_1_2' title="bbox 285 447 1369 554; baseline -0.012 -29"><span class='ocrx_word' id='word_1_4' title='bbox 285 458 495 544; x_wconf 78' lang='grc' dir='ltr'><strong><em>Διαφανοῦσι</em></strong></span> <span class='ocrx_word' id='word_1_5' title='bbox 525 455 561 519; x_wconf 82' lang='grc' dir='ltr'><strong><em>δὲ</em></strong></span> <span class='ocrx_word' id='word_1_6' title='bbox 592 452 669 520; x_wconf 79' lang='grc' dir='ltr'><strong><em>κατὰ</em></strong></span> <span class='ocrx_word' id='word_1_7' title='bbox 691 451 766 529; x_wconf 65' lang='lat' dir='ltr'><strong>toric</strong></span> <span class='ocrx_word' id='word_1_8' title='bbox 790 453 927 536; x_wconf 80' lang='grc' dir='ltr'><strong><em>χρόνους</em></strong></span> <span class='ocrx_word' id='word_1_9' title='bbox 947 447 975 514; x_wconf 86' lang='lat' dir='ltr'><strong>oi</strong></span> <span class='ocrx_word' id='word_1_10' title='bbox 997 449 1035 514; x_wconf 82' lang='lat' dir='ltr'><strong><em>ssi</em></strong></span> <span class='ocrx_word' id='word_1_11' title='bbox 1056 447 1189 514; x_wconf 74' lang='grc' dir='ltr'><strong><em>τοιαῦτα</em></strong></span> <span class='ocrx_word' id='word_1_12' title='bbox 1211 472 1287 532; x_wconf 87' lang='grc' dir='ltr'><strong><em>συγ-</em></strong></span> <span class='ocrx_word' id='word_1_13' title='bbox 1368 507 1369 554; x_wconf 53' lang='lat'>3</span> 
     </span>
     <span class='ocr_line' id='line_1_3' title="bbox 202 544 1369 644; baseline -0.011 -22"><span class='ocrx_word' id='word_1_14' title='bbox 202 553 412 644; x_wconf 73' lang='grc' dir='ltr'><strong><em>γραφόμενοι.</em></strong></span> <span class='ocrx_word' id='word_1_15' title='bbox 462 551 539 619; x_wconf 76' lang='grc' dir='ltr'><strong><em>κατὰ</em></strong></span> <span class='ocrx_word' id='word_1_16' title='bbox 568 551 630 637; x_wconf 82' lang='grc' dir='ltr'><strong><em>γόρ</em></strong></span> <span class='ocrx_word' id='word_1_17' title='bbox 654 551 728 629; x_wconf 82' lang='grc' dir='ltr'><strong><em>τεός</em></strong></span> <span class='ocrx_word' id='word_1_18' title='bbox 755 548 970 635; x_wconf 74' lang='grc' dir='ltr'><strong><em>ἑβδομήκοντα</em></strong></span> <span class='ocrx_word' id='word_1_19' title='bbox 993 544 1142 633; x_wconf 77' lang='grc' dir='ltr'><strong><em>εόρηνται</em></strong></span> <span class='ocrx_word' id='word_1_20' title='bbox 1162 550 1197 614; x_wconf 92' lang='grc' dir='ltr'><strong><em>ἐν</em></strong></span> <span class='ocrx_word' id='word_1_21' title='bbox 1217 557 1288 622; x_wconf 79' lang='grc' dir='ltr'><strong><em>ταῖς</em></strong></span> <span class='ocrx_word' id='word_1_22' title='bbox 1368 573 1369 576; x_wconf 53' lang='grc'><strong>“</strong></span> 
     </span>
     <span class='ocr_line' id='line_1_4' title="bbox 175 644 1289 736; baseline -0.011 -12"><span class='ocrx_word' id='word_1_23' title='bbox 175 655 268 724; x_wconf 79' lang='grc' dir='ltr'><strong><em>Βόαό</em></strong></span> <span class='ocrx_word' id='word_1_24' title='bbox 289 659 348 721; x_wconf 79' lang='grc' dir='ltr'><strong><em>τοῦ</em></strong></span> <span class='ocrx_word' id='word_1_25' title='bbox 365 653 468 735; x_wconf 78' lang='grc' dir='ltr'><strong><em>Ἀόόμ</em></strong></span> <span class='ocrx_word' id='word_1_26' title='bbox 492 656 589 736; x_wconf 81' lang='grc' dir='ltr'><strong><em>μέχρι</em></strong></span> <span class='ocrx_word' id='word_1_27' title='bbox 617 655 674 715; x_wconf 81' lang='grc' dir='ltr'><strong><em>καί</em></strong></span> <span class='ocrx_word' id='word_1_28' title='bbox 704 651 806 714; x_wconf 80' lang='lat' dir='ltr'><strong>adseri</strong></span> <span class='ocrx_word' id='word_1_29' title='bbox 824 655 881 715; x_wconf 83' lang='grc' dir='ltr'><strong><em>εοῦ</em></strong></span> <span class='ocrx_word' id='word_1_30' title='bbox 902 653 976 715; x_wconf 83' lang='grc' dir='ltr'><strong><em>Νιόε</em></strong></span> <span class='ocrx_word' id='word_1_31' title='bbox 997 651 1071 712; x_wconf 76' lang='grc' dir='ltr'><strong><em>δέκα</em></strong></span> <span class='ocrx_word' id='word_1_32' title='bbox 1092 644 1289 730; x_wconf 75' lang='grc' dir='ltr'><strong><em>γενεαϊςέεη</em></strong></span> 
     </span>
     <span class='ocr_line' id='line_1_5' title="bbox 205 745 1288 850; baseline -0.013 -28"><span class='ocrx_word' id='word_1_33' title='bbox 205 754 304 850; x_wconf 63' lang='lat' dir='ltr'><strong>flend</strong></span> <span class='ocrx_word' id='word_1_34' title='bbox 328 805 338 837; x_wconf 86' lang='lat'><em>,</em></span> <span class='ocrx_word' id='word_1_35' title='bbox 358 752 438 818; x_wconf 81' lang='grc' dir='ltr'><strong><em>κατὰ</em></strong></span> <span class='ocrx_word' id='word_1_36' title='bbox 470 753 506 817; x_wconf 80' lang='grc' dir='ltr'><strong><em>δὲ</em></strong></span> <span class='ocrx_word' id='word_1_37' title='bbox 536 753 572 817; x_wconf 85' lang='grc' dir='ltr'><strong><em>τὸ</em></strong></span> <span class='ocrx_word' id='word_1_38' title='bbox 593 748 682 836; x_wconf 79' lang='grc' dir='ltr'><strong><em>παρὰ</em></strong></span> <span class='ocrx_word' id='word_1_39' title='bbox 703 751 866 826; x_wconf 76' lang='grc' dir='ltr'><strong><em>Ἰουδαίοις</em></strong></span> <span class='ocrx_word' id='word_1_40' title='bbox 890 746 1054 834; x_wconf 79' lang='grc' dir='ltr'><strong><em>Ἒβραῖκὸν</em></strong></span> <span class='ocrx_word' id='word_1_41' title='bbox 1074 745 1135 812; x_wconf 78' lang='grc' dir='ltr'><strong><em>’ἐπί</em></strong></span> <span class='ocrx_word' id='word_1_42' title='bbox 1155 746 1288 820; x_wconf 79' lang='grc' dir='ltr'><strong><em>ταύταις</em></strong></span> 
     </span>
     <span class='ocr_line' id='line_1_6' title="bbox 202 841 1318 940; baseline -0.013 -18"><span class='ocrx_word' id='word_1_43' title='bbox 202 865 275 930; x_wconf 78' lang='grc' dir='ltr'><strong><em>ταῖς</em></strong></span> <span class='ocrx_word' id='word_1_44' title='bbox 298 851 317 918; x_wconf 81' lang='grc' dir='ltr'><strong><em>ι’</em></strong></span> <span class='ocrx_word' id='word_1_45' title='bbox 338 860 457 938; x_wconf 78' lang='grc' dir='ltr'><strong><em>γενεαῖς</em></strong></span> <span class='ocrx_word' id='word_1_46' title='bbox 477 848 532 935; x_wconf 78' lang='grc' dir='ltr'><strong><em>ἔτη</em></strong></span> <span class='ocrx_word' id='word_1_47' title='bbox 556 848 660 940; x_wconf 40' lang='lat' dir='ltr'><strong>augei,</strong></span> <span class='ocrx_word' id='word_1_48' title='bbox 681 846 763 915; x_wconf 83' lang='grc' dir='ltr'><strong><em>κατό</em></strong></span> <span class='ocrx_word' id='word_1_49' title='bbox 789 851 825 914; x_wconf 81' lang='grc' dir='ltr'><strong><em>δὲ</em></strong></span> <span class='ocrx_word' id='word_1_50' title='bbox 843 845 879 912; x_wconf 91' lang='grc' dir='ltr'><strong><em>τό</em></strong></span> <span class='ocrx_word' id='word_1_51' title='bbox 895 847 983 931; x_wconf 82' lang='grc' dir='ltr'><strong><em>τιαρό</em></strong></span> <span class='ocrx_word' id='word_1_52' title='bbox 995 847 1211 930; x_wconf 85' lang='grc' dir='ltr'><strong><em>Σαμαρείταις</em></strong></span> <span class='ocrx_word' id='word_1_53' title='bbox 1233 841 1318 928; x_wconf 72' lang='grc' dir='ltr'><strong><em>ἐτηό</em></strong></span> 
     </span>
     <span class='ocr_line' id='line_1_7' title="bbox 212 928 1287 1034; baseline -0.014 -14"><span class='ocrx_word' id='word_1_54' title='bbox 212 955 291 1034; x_wconf 85' lang='grc' dir='ltr'><strong><em>ατζ.</em></strong></span> <span class='ocrx_word' id='word_1_55' title='bbox 335 957 455 1034; x_wconf 80' lang='grc' dir='ltr'><strong><em>λέγεται</em></strong></span> <span class='ocrx_word' id='word_1_56' title='bbox 477 953 512 1014; x_wconf 81' lang='grc' dir='ltr'><strong><em>δὲ</em></strong></span> <span class='ocrx_word' id='word_1_57' title='bbox 534 945 581 1015; x_wconf 85' lang='grc' dir='ltr'><strong><em>ότι</em></strong></span> <span class='ocrx_word' id='word_1_58' title='bbox 601 947 619 1013; x_wconf 83' lang='grc' dir='ltr'>ὅ</span> <span class='ocrx_word' id='word_1_59' title='bbox 638 951 673 1014; x_wconf 85' lang='grc' dir='ltr'><strong><em>έν</em></strong></span> <span class='ocrx_word' id='word_1_60' title='bbox 691 955 754 1026; x_wconf 77' lang='grc' dir='ltr'><strong><em>ταῖς</em></strong></span> <span class='ocrx_word' id='word_1_61' title='bbox 775 945 911 1033; x_wconf 70' lang='lat' dir='ltr'><strong>tarnim</strong></span> <span class='ocrx_word' id='word_1_62' title='bbox 930 949 1114 1030; x_wconf 86' lang='grc' dir='ltr'><strong><em>τεταγμένος</em></strong></span> <span class='ocrx_word' id='word_1_63' title='bbox 1135 928 1287 1028; x_wconf 82' lang='grc' dir='ltr'><strong><em>όγγελος,</em></strong></span> 
     </span>
     <span class='ocr_line' id='line_1_8' title="bbox 204 1026 1287 1136; baseline -0.01 -20"><span class='ocrx_word' id='word_1_64' title='bbox 204 1026 223 1116; x_wconf 82' lang='grc' dir='ltr'><strong><em>ό</em></strong></span> <span class='ocrx_word' id='word_1_65' title='bbox 242 1049 409 1125; x_wconf 75' lang='grc' dir='ltr'><strong><em>θειότατος</em></strong></span> <span class='ocrx_word' id='word_1_66' title='bbox 427 1048 547 1134; x_wconf 75' lang='grc' dir='ltr'><strong><em>δηλαδὴ</em></strong></span> <span class='ocrx_word' id='word_1_67' title='bbox 575 1046 708 1133; x_wconf 64' lang='lat' dir='ltr'><strong>Osismii,</strong></span> <span class='ocrx_word' id='word_1_68' title='bbox 730 1047 809 1136; x_wconf 84' lang='grc' dir='ltr'><strong><em>πρός</em></strong></span> <span class='ocrx_word' id='word_1_69' title='bbox 826 1071 861 1130; x_wconf 90' lang='grc' dir='ltr'><strong><em>γε</em></strong></span> <span class='ocrx_word' id='word_1_70' title='bbox 880 1045 936 1112; x_wconf 88' lang='grc' dir='ltr'><strong><em>τόν</em></strong></span> <span class='ocrx_word' id='word_1_71' title='bbox 956 1042 1030 1131; x_wconf 61' lang='lat' dir='ltr'><strong>§is</strong></span> <span class='ocrx_word' id='word_1_72' title='bbox 1047 1044 1102 1108; x_wconf 83' lang='grc' dir='ltr'><strong><em>καί</em></strong></span> <span class='ocrx_word' id='word_1_73' title='bbox 1120 1041 1174 1110; x_wconf 89' lang='grc' dir='ltr'><strong><em>τόν</em></strong></span> <span class='ocrx_word' id='word_1_74' title='bbox 1188 1041 1287 1125; x_wconf 76' lang='grc' dir='ltr'><strong><em>Ἑνώχ</em></strong></span> 
     </span>
     <span class='ocr_line' id='line_1_9' title="bbox 203 1143 1285 1232; baseline -0.01 -16"><span class='ocrx_word' id='word_1_75' title='bbox 203 1150 320 1216; x_wconf 84' lang='grc' dir='ltr'><strong><em>κατιοόν</em></strong></span> <span class='ocrx_word' id='word_1_76' title='bbox 343 1151 485 1226; x_wconf 74' lang='grc' dir='ltr'><strong><em>ε’όιλλαξεν</em></strong></span> <span class='ocrx_word' id='word_1_77' title='bbox 514 1143 634 1221; x_wconf 80' lang='grc' dir='ltr'><strong><em>αότοός</em></strong></span> <span class='ocrx_word' id='word_1_78' title='bbox 656 1147 749 1230; x_wconf 70' lang='lat' dir='ltr'><strong>niueis</strong></span> <span class='ocrx_word' id='word_1_79' title='bbox 776 1149 883 1232; x_wconf 74' lang='grc' dir='ltr'><strong><em>μηνοῖν</em></strong></span> <span class='ocrx_word' id='word_1_80' title='bbox 905 1149 1028 1230; x_wconf 75' lang='grc' dir='ltr'><strong><em>τροπῶν</em></strong></span> <span class='ocrx_word' id='word_1_81' title='bbox 1058 1145 1112 1208; x_wconf 83' lang='grc' dir='ltr'><strong><em>καί</em></strong></span> <span class='ocrx_word' id='word_1_82' title='bbox 1133 1144 1285 1208; x_wconf 76' lang='grc' dir='ltr'><strong><em>ἐνιαυτῶν</em></strong></span> 
     </span>
     <span class='ocr_line' id='line_1_10' title="bbox 203 1238 1287 1336; baseline -0.011 -21"><span class='ocrx_word' id='word_1_83' title='bbox 203 1245 372 1336; x_wconf 78' lang='grc' dir='ltr'><strong><em>διαφοράς.</em></strong></span> <span class='ocrx_word' id='word_1_84' title='bbox 391 1245 473 1311; x_wconf 78' lang='grc' dir='ltr'><strong><em>κατὰ</em></strong></span> <span class='ocrx_word' id='word_1_85' title='bbox 492 1248 528 1310; x_wconf 78' lang='grc' dir='ltr'><strong><em>δὲ</em></strong></span> <span class='ocrx_word' id='word_1_86' title='bbox 545 1244 600 1310; x_wconf 86' lang='grc' dir='ltr'><strong><em>τόν</em></strong></span> <span class='ocrx_word' id='word_1_87' title='bbox 611 1249 642 1310; x_wconf 88' lang='grc' dir='ltr'><strong><em>Γ</em></strong></span> <span class='ocrx_word' id='word_1_88' title='bbox 639 1242 769 1331; x_wconf 82' lang='grc' dir='ltr'><strong><em>ειόργιον</em></strong></span> <span class='ocrx_word' id='word_1_89' title='bbox 789 1247 910 1330; x_wconf 71' lang='grc' dir='ltr'><strong><em>πρῶτος</em></strong></span> <span class='ocrx_word' id='word_1_90' title='bbox 931 1247 1056 1328; x_wconf 75' lang='grc' dir='ltr'><strong><em>ἐξεῦρεν</em></strong></span> <span class='ocrx_word' id='word_1_91' title='bbox 1068 1241 1084 1307; x_wconf 87' lang='grc' dir='ltr'><strong><em>ό</em></strong></span> <span class='ocrx_word' id='word_1_92' title='bbox 1095 1239 1168 1328; x_wconf 70' lang='grc' dir='ltr'><strong><em>Σὴθ</em></strong></span> <span class='ocrx_word' id='word_1_93' title='bbox 1184 1238 1287 1325; x_wconf 89' lang='grc' dir='ltr'><strong><em>γρόμ-</em></strong></span> 
     </span>
     <span class='ocr_line' id='line_1_11' title="bbox 202 1339 1335 1432; baseline -0.005 -18"><span class='ocrx_word' id='word_1_94' title='bbox 202 1375 289 1432; x_wconf 83' lang='grc' dir='ltr'><strong><em>ματα</em></strong></span> <span class='ocrx_word' id='word_1_95' title='bbox 304 1343 453 1430; x_wconf 73' lang='grc' dir='ltr'><strong><em>Ἑβραϊκὰ</em></strong></span> <span class='ocrx_word' id='word_1_96' title='bbox 486 1341 543 1409; x_wconf 84' lang='grc' dir='ltr'><strong><em>καί</em></strong></span> <span class='ocrx_word' id='word_1_97' title='bbox 561 1343 603 1409; x_wconf 82' lang='grc' dir='ltr'><strong><em>τό</em></strong></span> <span class='ocrx_word' id='word_1_98' title='bbox 637 1351 755 1429; x_wconf 82' lang='grc' dir='ltr'><strong><em>σημεῖα</em></strong></span> <span class='ocrx_word' id='word_1_99' title='bbox 778 1347 838 1408; x_wconf 72' lang='grc' dir='ltr'><strong><em>τοῦ</em></strong></span> <span class='ocrx_word' id='word_1_100' title='bbox 858 1345 997 1429; x_wconf 82' lang='grc' dir='ltr'><strong><em>ου’ρανοό</em></strong></span> <span class='ocrx_word' id='word_1_101' title='bbox 1021 1341 1076 1408; x_wconf 83' lang='grc' dir='ltr'><strong><em>καί</em></strong></span> <span class='ocrx_word' id='word_1_102' title='bbox 1088 1341 1144 1418; x_wconf 81' lang='grc' dir='ltr'><strong><em>τὰς</em></strong></span> <span class='ocrx_word' id='word_1_103' title='bbox 1168 1339 1335 1425; x_wconf 83' lang='grc' dir='ltr'><strong><em>εροαᾶςιο</em></strong></span> 
     </span>
     <span class='ocr_line' id='line_1_12' title="bbox 202 1437 1287 1539; baseline -0.009 -26"><span class='ocrx_word' id='word_1_104' title='bbox 202 1452 265 1514; x_wconf 74' lang='grc' dir='ltr'><strong><em>τῶν</em></strong></span> <span class='ocrx_word' id='word_1_105' title='bbox 286 1446 440 1512; x_wconf 74' lang='grc' dir='ltr'><strong><em>ἐνιαυτῶν</em></strong></span> <span class='ocrx_word' id='word_1_106' title='bbox 466 1443 523 1508; x_wconf 84' lang='grc' dir='ltr'><strong><em>καί</em></strong></span> <span class='ocrx_word' id='word_1_107' title='bbox 543 1443 618 1518; x_wconf 85' lang='grc' dir='ltr'><strong><em>τοός</em></strong></span> <span class='ocrx_word' id='word_1_108' title='bbox 644 1445 750 1524; x_wconf 77' lang='grc' dir='ltr'><strong><em>μῆνας</em></strong></span> <span class='ocrx_word' id='word_1_109' title='bbox 773 1445 830 1508; x_wconf 86' lang='grc' dir='ltr'><strong><em>καί</em></strong></span> <span class='ocrx_word' id='word_1_110' title='bbox 847 1440 905 1518; x_wconf 81' lang='grc' dir='ltr'><strong><em>τὰς</em></strong></span> <span class='ocrx_word' id='word_1_111' title='bbox 933 1437 1129 1539; x_wconf 78' lang='grc' dir='ltr'><strong><em>ἐβδομόδρς,</em></strong></span> <span class='ocrx_word' id='word_1_112' title='bbox 1148 1442 1204 1505; x_wconf 86' lang='grc' dir='ltr'><strong><em>καί</em></strong></span> <span class='ocrx_word' id='word_1_113' title='bbox 1222 1450 1287 1516; x_wconf 76' lang='grc' dir='ltr'><strong><em>τοῖς</em></strong></span> 
     </span>
     <span class='ocr_line' id='line_1_13' title="bbox 202 1533 1286 1631; baseline -0.007 -20"><span class='ocrx_word' id='word_1_114' title='bbox 202 1539 332 1631; x_wconf 74' lang='grc' dir='ltr'><strong><em>οἴστροις</em></strong></span> <span class='ocrx_word' id='word_1_115' title='bbox 362 1541 417 1608; x_wconf 84' lang='grc' dir='ltr'><strong><em>καί</em></strong></span> <span class='ocrx_word' id='word_1_116' title='bbox 444 1551 512 1618; x_wconf 82' lang='grc' dir='ltr'><strong><em>τοῖς</em></strong></span> <span class='ocrx_word' id='word_1_117' title='bbox 538 1547 630 1607; x_wconf 78' lang='grc' dir='ltr'><strong><em>πέντε</em></strong></span> <span class='ocrx_word' id='word_1_118' title='bbox 658 1541 832 1628; x_wconf 76' lang='grc' dir='ltr'><strong><em>αλανᾷταις</em></strong></span> <span class='ocrx_word' id='word_1_119' title='bbox 861 1544 1014 1630; x_wconf 79' lang='grc' dir='ltr'><strong><em>ἐπέθηκεν</em></strong></span> <span class='ocrx_word' id='word_1_120' title='bbox 1044 1539 1184 1625; x_wconf 89' lang='grc' dir='ltr'><strong><em>όνόματα</em></strong></span> <span class='ocrx_word' id='word_1_121' title='bbox 1206 1533 1286 1606; x_wconf 69' lang='grc' dir='ltr'><strong><em>ὥστε</em></strong></span> 
     </span>
     <span class='ocr_line' id='line_1_14' title="bbox 202 1645 1132 1741; baseline -0.01 -34"><span class='ocrx_word' id='word_1_122' title='bbox 202 1645 426 1729; x_wconf 72' lang='grc' dir='ltr'><strong><em>γνωρίζεσθαι.</em></strong></span> <span class='ocrx_word' id='word_1_123' title='bbox 496 1677 500 1684; x_wconf 57' lang='lat'><em>1</em></span> <span class='ocrx_word' id='word_1_124' title='bbox 1128 1725 1132 1741; x_wconf 28' lang='grc' dir='ltr'>α</span> 
     </span>
     <span class='ocr_line' id='line_1_15' title="bbox 174 1735 1285 1825; baseline -0.002 -22"><span class='ocrx_word' id='word_1_125' title='bbox 174 1749 196 1803; x_wconf 87' lang='lat' dir='ltr'><strong>c</strong></span> <span class='ocrx_word' id='word_1_126' title='bbox 281 1740 316 1812; x_wconf 88' lang='grc' dir='ltr'><strong>Ὁ</strong></span> <span class='ocrx_word' id='word_1_127' title='bbox 337 1743 442 1821; x_wconf 83' lang='grc' dir='ltr'><strong><em>μέντοι</em></strong></span> <span class='ocrx_word' id='word_1_128' title='bbox 475 1738 547 1825; x_wconf 70' lang='grc' dir='ltr'><strong><em>Σὴθ</em></strong></span> <span class='ocrx_word' id='word_1_129' title='bbox 575 1735 631 1824; x_wconf 80' lang='grc' dir='ltr'><strong><em>ἐτη</em></strong></span> <span class='ocrx_word' id='word_1_130' title='bbox 660 1735 758 1822; x_wconf 76' lang='grc' dir='ltr'><strong><em>ζήσας</em></strong></span> <span class='ocrx_word' id='word_1_131' title='bbox 787 1736 948 1804; x_wconf 72' lang='grc' dir='ltr'><strong><em>ἐννακόσια</em></strong></span> <span class='ocrx_word' id='word_1_132' title='bbox 988 1739 1111 1804; x_wconf 75' lang='grc' dir='ltr'><strong><em>δυόδεκα</em></strong></span> <span class='ocrx_word' id='word_1_133' title='bbox 1139 1741 1285 1825; x_wconf 88' lang='grc' dir='ltr'><strong><em>τελευτᾷ,</em></strong></span> 
     </span>
     <span class='ocr_line' id='line_1_16' title="bbox 200 1833 1335 1923; baseline -0.004 -15"><span class='ocrx_word' id='word_1_134' title='bbox 200 1841 279 1919; x_wconf 78' lang='grc' dir='ltr'><strong><em>θεός</em></strong></span> <span class='ocrx_word' id='word_1_135' title='bbox 312 1833 392 1905; x_wconf 83' lang='grc' dir='ltr'><strong><em>εἶναι</em></strong></span> <span class='ocrx_word' id='word_1_136' title='bbox 427 1835 480 1904; x_wconf 78' lang='grc' dir='ltr'><strong><em>διό</em></strong></span> <span class='ocrx_word' id='word_1_137' title='bbox 501 1837 557 1923; x_wconf 75' lang='grc' dir='ltr'><strong><em>την</em></strong></span> <span class='ocrx_word' id='word_1_138' title='bbox 582 1838 699 1922; x_wconf 77' lang='grc' dir='ltr'><strong><em>α’ρετὴν</em></strong></span> <span class='ocrx_word' id='word_1_139' title='bbox 726 1838 827 1902; x_wconf 73' lang='grc' dir='ltr'><strong><em>αὐτοῦ</em></strong></span> <span class='ocrx_word' id='word_1_140' title='bbox 858 1837 1060 1920; x_wconf 83' lang='grc' dir='ltr'><strong><em>νομιζόμενος</em></strong></span> <span class='ocrx_word' id='word_1_141' title='bbox 1088 1835 1144 1902; x_wconf 84' lang='grc' dir='ltr'><strong><em>καί</em></strong></span> <span class='ocrx_word' id='word_1_142' title='bbox 1170 1836 1224 1904; x_wconf 77' lang='grc' dir='ltr'><strong><em>διό</em></strong></span> <span class='ocrx_word' id='word_1_143' title='bbox 1247 1837 1284 1902; x_wconf 90' lang='grc' dir='ltr'><strong><em>τό</em></strong></span> <span class='ocrx_word' id='word_1_144' title='bbox 1300 1843 1335 1904; x_wconf 84' lang='lat'><strong><em>15</em></strong></span> 
     </span>
     <span class='ocr_line' id='line_1_17' title="bbox 201 1935 1287 2027; baseline -0.004 -21"><span class='ocrx_word' id='word_1_145' title='bbox 201 1942 326 2027; x_wconf 74' lang='grc' dir='ltr'><strong><em>πρῶτος</em></strong></span> <span class='ocrx_word' id='word_1_146' title='bbox 343 1939 511 2023; x_wconf 77' lang='grc' dir='ltr'><strong><em>εόρηκέναι</em></strong></span> <span class='ocrx_word' id='word_1_147' title='bbox 531 1935 571 2002; x_wconf 85' lang='grc' dir='ltr'><strong><em>τό</em></strong></span> <span class='ocrx_word' id='word_1_148' title='bbox 590 1935 738 2021; x_wconf 80' lang='grc' dir='ltr'><strong><em>Ἑβραϊκὰ</em></strong></span> <span class='ocrx_word' id='word_1_149' title='bbox 758 1937 930 2020; x_wconf 77' lang='grc' dir='ltr'><strong><em>γράμματα</em></strong></span> <span class='ocrx_word' id='word_1_150' title='bbox 952 1940 1006 2001; x_wconf 85' lang='grc' dir='ltr'><strong><em>καί</em></strong></span> <span class='ocrx_word' id='word_1_151' title='bbox 1024 1935 1083 2013; x_wconf 81' lang='grc' dir='ltr'><strong><em>τός</em></strong></span> <span class='ocrx_word' id='word_1_152' title='bbox 1104 1942 1168 2004; x_wconf 80' lang='grc' dir='ltr'><strong><em>ταῖν</em></strong></span> <span class='ocrx_word' id='word_1_153' title='bbox 1191 1937 1287 2003; x_wconf 70' lang='lat' dir='ltr'><strong>uiuri·</strong></span> 
     </span>
     <span class='ocr_line' id='line_1_18' title="bbox 201 2027 1286 2123; baseline -0.005 -18"><span class='ocrx_word' id='word_1_154' title='bbox 201 2066 267 2123; x_wconf 86' lang='grc' dir='ltr'><strong><em>ρων</em></strong></span> <span class='ocrx_word' id='word_1_155' title='bbox 289 2037 468 2119; x_wconf 72' lang='grc' dir='ltr'><strong><em>ὀνομασίας.</em></strong></span> <span class='ocrx_word' id='word_1_156' title='bbox 512 2029 602 2111; x_wconf 74' lang='grc' dir='ltr'><strong><em>οὗτος</em></strong></span> <span class='ocrx_word' id='word_1_157' title='bbox 622 2036 639 2098; x_wconf 88' lang='grc' dir='ltr'><strong><em>ό</em></strong></span> <span class='ocrx_word' id='word_1_158' title='bbox 663 2035 736 2120; x_wconf 69' lang='grc' dir='ltr'><strong><em>Σὴθ</em></strong></span> <span class='ocrx_word' id='word_1_159' title='bbox 753 2041 845 2122; x_wconf 87' lang='grc' dir='ltr'><strong><em>γεννᾷ</em></strong></span> <span class='ocrx_word' id='word_1_160' title='bbox 866 2033 918 2100; x_wconf 89' lang='grc' dir='ltr'><strong><em>τόν</em></strong></span> <span class='ocrx_word' id='word_1_161' title='bbox 935 2027 1038 2118; x_wconf 76' lang='grc' dir='ltr'><strong><em>Ἐνώς,</em></strong></span> <span class='ocrx_word' id='word_1_162' title='bbox 1060 2037 1134 2102; x_wconf 75' lang='grc' dir='ltr'><strong><em>θεὸν</em></strong></span> <span class='ocrx_word' id='word_1_163' title='bbox 1156 2036 1211 2101; x_wconf 83' lang='grc' dir='ltr'><strong><em>καί</em></strong></span> <span class='ocrx_word' id='word_1_164' title='bbox 1227 2039 1286 2101; x_wconf 78' lang='grc' dir='ltr'><strong><em>ατί-</em></strong></span> 
     </span>
     <span class='ocr_line' id='line_1_19' title="bbox 202 2127 1286 2228; baseline -0.003 -25"><span class='ocrx_word' id='word_1_165' title='bbox 202 2137 260 2204; x_wconf 88' lang='grc' dir='ltr'><strong><em>τόν</em></strong></span> <span class='ocrx_word' id='word_1_166' title='bbox 280 2135 333 2202; x_wconf 81' lang='grc' dir='ltr'><strong><em>διό</em></strong></span> <span class='ocrx_word' id='word_1_167' title='bbox 355 2133 412 2219; x_wconf 76' lang='grc' dir='ltr'><strong><em>την</em></strong></span> <span class='ocrx_word' id='word_1_168' title='bbox 445 2135 561 2220; x_wconf 73' lang='grc' dir='ltr'><strong><em>όρετὴν</em></strong></span> <span class='ocrx_word' id='word_1_169' title='bbox 589 2137 693 2200; x_wconf 74' lang='grc' dir='ltr'><strong><em>αὐτοῦ</em></strong></span> <span class='ocrx_word' id='word_1_170' title='bbox 721 2134 936 2216; x_wconf 87' lang='grc' dir='ltr'><strong><em>νομιζόμενον.</em></strong></span> <span class='ocrx_word' id='word_1_171' title='bbox 991 2127 1082 2212; x_wconf 82' lang='grc' dir='ltr'><strong><em>οὗτος</em></strong></span> <span class='ocrx_word' id='word_1_172' title='bbox 1099 2133 1210 2228; x_wconf 19' lang='grc' dir='ltr'><strong><em>’ζήσας</em></strong></span> <span class='ocrx_word' id='word_1_173' title='bbox 1229 2134 1286 2220; x_wconf 85' lang='grc' dir='ltr'><strong><em>ἐτη</em></strong></span> 
     </span>
     <span class='ocr_line' id='line_1_20' title="bbox 202 2227 1288 2321; baseline -0.006 -17"><span class='ocrx_word' id='word_1_174' title='bbox 202 2233 368 2304; x_wconf 84' lang='grc' dir='ltr'><strong><em>ἐννακόσια</em></strong></span> <span class='ocrx_word' id='word_1_175' title='bbox 397 2239 489 2299; x_wconf 78' lang='grc' dir='ltr'><strong><em>πέντε</em></strong></span> <span class='ocrx_word' id='word_1_176' title='bbox 518 2236 657 2321; x_wconf 80' lang='grc' dir='ltr'><strong><em>τελευτᾷ.</em></strong></span> <span class='ocrx_word' id='word_1_177' title='bbox 713 2236 854 2317; x_wconf 76' lang='grc' dir='ltr'><strong><em>ἐγέννησε</em></strong></span> <span class='ocrx_word' id='word_1_178' title='bbox 886 2235 921 2297; x_wconf 77' lang='grc' dir='ltr'><strong><em>δὲ</em></strong></span> <span class='ocrx_word' id='word_1_179' title='bbox 941 2233 997 2300; x_wconf 89' lang='grc' dir='ltr'><strong><em>τόν</em></strong></span> <span class='ocrx_word' id='word_1_180' title='bbox 1019 2239 1152 2304; x_wconf 80' lang='grc' dir='ltr'><strong><em>Καϊνᾶν.</em></strong></span> <span class='ocrx_word' id='word_1_181' title='bbox 1194 2227 1288 2310; x_wconf 73' lang='grc' dir='ltr'><strong><em>οὗτος</em></strong></span> 
     </span>
     <span class='ocr_line' id='line_1_21' title="bbox 201 2331 1334 2420; baseline 0.002 -21"><span class='ocrx_word' id='word_1_182' title='bbox 201 2333 256 2417; x_wconf 80' lang='grc' dir='ltr'><strong><em>ἔτη</em></strong></span> <span class='ocrx_word' id='word_1_183' title='bbox 280 2331 375 2417; x_wconf 72' lang='grc' dir='ltr'><strong><em>ζήσας</em></strong></span> <span class='ocrx_word' id='word_1_184' title='bbox 402 2332 568 2396; x_wconf 81' lang='grc' dir='ltr'><strong><em>ἐννακόσια</em></strong></span> <span class='ocrx_word' id='word_1_185' title='bbox 597 2331 672 2395; x_wconf 82' lang='grc' dir='ltr'><strong><em>δέκα</em></strong></span> <span class='ocrx_word' id='word_1_186' title='bbox 692 2333 829 2420; x_wconf 83' lang='grc' dir='ltr'><strong><em>τελευτᾷ.</em></strong></span> <span class='ocrx_word' id='word_1_187' title='bbox 877 2333 1017 2416; x_wconf 81' lang='grc' dir='ltr'><strong><em>ἐγέννησε</em></strong></span> <span class='ocrx_word' id='word_1_188' title='bbox 1040 2336 1074 2398; x_wconf 77' lang='grc' dir='ltr'><strong><em>δὲ</em></strong></span> <span class='ocrx_word' id='word_1_189' title='bbox 1094 2331 1150 2398; x_wconf 90' lang='grc' dir='ltr'><strong><em>τόν</em></strong></span> <span class='ocrx_word' id='word_1_190' title='bbox 1172 2339 1334 2400; x_wconf 75' lang='lat' dir='ltr'><strong>Mais-20</strong></span> 
     </span>
     <span class='ocr_line' id='line_1_22' title="bbox 203 2423 1284 2518; baseline 0.002 -22"><span class='ocrx_word' id='word_1_191' title='bbox 203 2428 289 2514; x_wconf 76' lang='grc' dir='ltr'><strong><em>λεῆλ.</em></strong></span> <span class='ocrx_word' id='word_1_192' title='bbox 338 2423 430 2506; x_wconf 72' lang='grc' dir='ltr'><strong><em>οὗτος</em></strong></span> <span class='ocrx_word' id='word_1_193' title='bbox 458 2428 556 2513; x_wconf 68' lang='grc' dir='ltr'><strong><em>ζήσας</em></strong></span> <span class='ocrx_word' id='word_1_194' title='bbox 576 2425 649 2494; x_wconf 66' lang='grc' dir='ltr'><strong><em>αἵτ’</em></strong></span> <span class='ocrx_word' id='word_1_195' title='bbox 678 2434 820 2516; x_wconf 77' lang='grc' dir='ltr'><strong><em>τελευτᾷ.</em></strong></span> <span class='ocrx_word' id='word_1_196' title='bbox 874 2431 1016 2515; x_wconf 76' lang='grc' dir='ltr'><strong><em>ἐγέννησε</em></strong></span> <span class='ocrx_word' id='word_1_197' title='bbox 1046 2434 1080 2498; x_wconf 80' lang='lat' dir='ltr'><strong>di</strong></span> <span class='ocrx_word' id='word_1_198' title='bbox 1101 2430 1284 2518; x_wconf 80' lang='grc' dir='ltr'><strong><em>τὸνΊόρεό.</em></strong></span> 
     </span>
     <span class='ocr_line' id='line_1_23' title="bbox 200 2523 1286 2621; baseline 0.001 -25"><span class='ocrx_word' id='word_1_199' title='bbox 200 2523 294 2606; x_wconf 80' lang='grc' dir='ltr'><strong><em>οὗτος</em></strong></span> <span class='ocrx_word' id='word_1_200' title='bbox 313 2525 369 2612; x_wconf 81' lang='grc' dir='ltr'><strong><em>ἐτη</em></strong></span> <span class='ocrx_word' id='word_1_201' title='bbox 402 2525 499 2614; x_wconf 71' lang='grc' dir='ltr'><strong><em>ζήσας</em></strong></span> <span class='ocrx_word' id='word_1_202' title='bbox 518 2531 684 2596; x_wconf 85' lang='grc' dir='ltr'><strong><em>ἐννακόσια</em></strong></span> <span class='ocrx_word' id='word_1_203' title='bbox 711 2525 859 2615; x_wconf 72' lang='grc' dir='ltr'><strong><em>ἐξήκοντα</em></strong></span> <span class='ocrx_word' id='word_1_204' title='bbox 879 2531 939 2596; x_wconf 81' lang='lat' dir='ltr'><strong>driu</strong></span> <span class='ocrx_word' id='word_1_205' title='bbox 957 2535 1099 2621; x_wconf 86' lang='grc' dir='ltr'><strong><em>τελευτᾷ.</em></strong></span> <span class='ocrx_word' id='word_1_206' title='bbox 1142 2533 1286 2620; x_wconf 75' lang='grc' dir='ltr'><strong><em>ἐγέννησε</em></strong></span> 
     </span>
    </p>
   </div>
   <div class='ocr_carea' id='block_1_3' title="bbox 201 2851 1369 4160">
    <p class='ocr_par' dir='ltr' id='par_1_3' title="bbox 608 2851 1076 2878">
     <span class='ocr_line' id='line_1_24' title="bbox 608 2851 1076 2878; baseline 0.015 -7"><span class='ocrx_word' id='word_1_207' title='bbox 608 2856 617 2871; x_wconf 76' lang='grc' dir='ltr'>ι</span> <span class='ocrx_word' id='word_1_208' title='bbox 719 2855 722 2860; x_wconf 90' lang='grc'><strong><em>·</em></strong></span> <span class='ocrx_word' id='word_1_209' title='bbox 1071 2851 1076 2878; x_wconf 87' lang='lat' dir='ltr'><strong>i</strong></span> 
     </span>
    </p>

    <p class='ocr_par' dir='ltr' id='par_1_4' title="bbox 201 2878 1369 3658">
     <span class='ocr_line' id='line_1_25' title="bbox 272 2878 1287 2958; baseline 0.012 -26"><span class='ocrx_word' id='word_1_210' title='bbox 272 2878 412 2932; x_wconf 82' lang='lat' dir='ltr'><strong>Cesterum</strong></span> <span class='ocrx_word' id='word_1_211' title='bbox 431 2881 459 2933; x_wconf 96' lang='lat' dir='ltr'><strong><em>in</em></strong></span> <span class='ocrx_word' id='word_1_212' title='bbox 475 2880 652 2932; x_wconf 75' lang='lat' dir='ltr'><strong>annotatione</strong></span> <span class='ocrx_word' id='word_1_213' title='bbox 672 2889 824 2952; x_wconf 87' lang='lat' dir='ltr'><strong>temporum</strong></span> <span class='ocrx_word' id='word_1_214' title='bbox 850 2887 992 2958; x_wconf 72' lang='lat' dir='ltr'><strong>scriptores</strong></span> <span class='ocrx_word' id='word_1_215' title='bbox 1009 2889 1059 2942; x_wconf 85' lang='lat' dir='ltr'><strong><em>hoc</em></strong></span> <span class='ocrx_word' id='word_1_216' title='bbox 1076 2891 1137 2944; x_wconf 87' lang='lat' dir='ltr'><strong>loeo</strong></span> <span class='ocrx_word' id='word_1_217' title='bbox 1156 2891 1287 2946; x_wconf 78' lang='lat' dir='ltr'><strong>dissenti-</strong></span> 
     </span>
     <span class='ocr_line' id='line_1_26' title="bbox 201 2953 1287 3030; baseline 0.011 -26"><span class='ocrx_word' id='word_1_218' title='bbox 201 2961 259 3005; x_wconf 83' lang='lat' dir='ltr'><strong><em>ent</em></strong></span> <span class='ocrx_word' id='word_1_219' title='bbox 277 2968 340 3003; x_wconf 85' lang='lat' dir='ltr'><strong>nam</strong></span> <span class='ocrx_word' id='word_1_220' title='bbox 357 2968 390 3003; x_wconf 80' lang='lat' dir='ltr'><strong>ex</strong></span> <span class='ocrx_word' id='word_1_221' title='bbox 410 2953 579 3020; x_wconf 80' lang='lat' dir='ltr'><strong>septuaginta</strong></span> <span class='ocrx_word' id='word_1_222' title='bbox 603 2953 782 3022; x_wconf 78' lang='lat' dir='ltr'><strong>interpretum</strong></span> <span class='ocrx_word' id='word_1_223' title='bbox 805 2960 963 3012; x_wconf 85' lang='lat' dir='ltr'><strong>auctoritate</strong></span> <span class='ocrx_word' id='word_1_224' title='bbox 986 2962 1158 3030; x_wconf 87' lang='lat' dir='ltr'><strong>reperiuntur</strong></span> <span class='ocrx_word' id='word_1_225' title='bbox 1182 2966 1212 3016; x_wconf 92' lang='lat' dir='ltr'><strong><em>in</em></strong></span> <span class='ocrx_word' id='word_1_226' title='bbox 1234 2963 1287 3016; x_wconf 85' lang='lat' dir='ltr'><strong>de-</strong></span> 
     </span>
     <span class='ocr_line' id='line_1_27' title="bbox 202 3021 1286 3094; baseline 0.009 -18"><span class='ocrx_word' id='word_1_227' title='bbox 202 3040 260 3076; x_wconf 83' lang='lat' dir='ltr'><strong>cem</strong></span> <span class='ocrx_word' id='word_1_228' title='bbox 283 3021 318 3073; x_wconf 86' lang='lat' dir='ltr'><strong><em>ab</em></strong></span> <span class='ocrx_word' id='word_1_229' title='bbox 343 3021 445 3073; x_wconf 79' lang='lat' dir='ltr'><strong>Adamo</strong></span> <span class='ocrx_word' id='word_1_230' title='bbox 470 3022 506 3072; x_wconf 90' lang='lat' dir='ltr'><strong>nd</strong></span> <span class='ocrx_word' id='word_1_231' title='bbox 530 3023 615 3073; x_wconf 82' lang='lat' dir='ltr'><strong>Noam</strong></span> <span class='ocrx_word' id='word_1_232' title='bbox 634 3025 769 3077; x_wconf 82' lang='lat' dir='ltr'><strong>aetatibus</strong></span> <span class='ocrx_word' id='word_1_233' title='bbox 787 3030 852 3081; x_wconf 84' lang='lat' dir='ltr'><strong>enni</strong></span> <span class='ocrx_word' id='word_1_234' title='bbox 870 3030 945 3094; x_wconf 68' lang='lat' dir='ltr'><strong>uuis.</strong></span> <span class='ocrx_word' id='word_1_235' title='bbox 981 3032 1286 3086; x_wconf 78' lang='lat' dir='ltr'><strong>iudaeorumliebrnice</strong></span> 
     </span>
     <span class='ocr_line' id='line_1_28' title="bbox 201 3091 1286 3156; baseline 0.01 -11"><span class='ocrx_word' id='word_1_236' title='bbox 201 3094 285 3146; x_wconf 83' lang='lat' dir='ltr'><strong>lectio</strong></span> <span class='ocrx_word' id='word_1_237' title='bbox 313 3092 397 3144; x_wconf 80' lang='lat' dir='ltr'><strong>tradit</strong></span> <span class='ocrx_word' id='word_1_238' title='bbox 423 3093 451 3144; x_wconf 89' lang='lat' dir='ltr'><strong><em>in</em></strong></span> <span class='ocrx_word' id='word_1_239' title='bbox 475 3091 572 3144; x_wconf 88' lang='lat' dir='ltr'><strong>iisdem</strong></span> <span class='ocrx_word' id='word_1_240' title='bbox 599 3094 732 3146; x_wconf 69' lang='lat' dir='ltr'><strong>aetatibus</strong></span> <span class='ocrx_word' id='word_1_241' title='bbox 763 3115 847 3151; x_wconf 87' lang='lat' dir='ltr'><strong>annos</strong></span> <span class='ocrx_word' id='word_1_242' title='bbox 877 3101 949 3150; x_wconf 78' lang='lat'>1656.</span> <span class='ocrx_word' id='word_1_243' title='bbox 974 3101 1038 3154; x_wconf 86' lang='lat' dir='ltr'><strong>libri</strong></span> <span class='ocrx_word' id='word_1_244' title='bbox 1056 3104 1286 3156; x_wconf 73' lang='lat' dir='ltr'><strong>Samaritanorum</strong></span> 
     </span>
     <span class='ocr_line' id='line_1_29' title="bbox 201 3163 1288 3242; baseline 0.011 -26"><span class='ocrx_word' id='word_1_245' title='bbox 201 3164 329 3216; x_wconf 81' lang='lat' dir='ltr'><strong>Hebraici</strong></span> <span class='ocrx_word' id='word_1_246' title='bbox 347 3177 431 3214; x_wconf 84' lang='lat' dir='ltr'><strong>annos</strong></span> <span class='ocrx_word' id='word_1_247' title='bbox 450 3163 639 3231; x_wconf 77' lang='lat' dir='ltr'><strong>1307hsbens.</strong></span> <span class='ocrx_word' id='word_1_248' title='bbox 657 3165 817 3235; x_wconf 88' lang='lat' dir='ltr'><strong>perhibetur</strong></span> <span class='ocrx_word' id='word_1_249' title='bbox 834 3170 915 3222; x_wconf 85' lang='lat' dir='ltr'><strong>etiam</strong></span> <span class='ocrx_word' id='word_1_250' title='bbox 934 3171 1053 3226; x_wconf 85' lang='lat' dir='ltr'><strong>divinum</strong></span> <span class='ocrx_word' id='word_1_251' title='bbox 1071 3175 1195 3242; x_wconf 73' lang='lat' dir='ltr'><strong>angeium</strong></span> <span class='ocrx_word' id='word_1_252' title='bbox 1206 3178 1288 3228; x_wconf 87' lang='lat' dir='ltr'><strong>Urie-</strong></span> 
     </span>
     <span class='ocr_line' id='line_1_30' title="bbox 202 3233 1287 3310; baseline 0.01 -24"><span class='ocrx_word' id='word_1_253' title='bbox 202 3235 271 3298; x_wconf 88' lang='lat' dir='ltr'><strong>ium,</strong></span> <span class='ocrx_word' id='word_1_254' title='bbox 290 3235 366 3285; x_wconf 90' lang='lat' dir='ltr'><strong>cuius</strong></span> <span class='ocrx_word' id='word_1_255' title='bbox 385 3242 425 3284; x_wconf 87' lang='lat' dir='ltr'><strong><em>est</em></strong></span> <span class='ocrx_word' id='word_1_256' title='bbox 443 3233 514 3284; x_wconf 86' lang='lat' dir='ltr'><strong>inter</strong></span> <span class='ocrx_word' id='word_1_257' title='bbox 533 3243 603 3286; x_wconf 83' lang='lat' dir='ltr'><strong>astra</strong></span> <span class='ocrx_word' id='word_1_258' title='bbox 621 3237 712 3301; x_wconf 71' lang='lat' dir='ltr'><strong>statio,</strong></span> <span class='ocrx_word' id='word_1_259' title='bbox 732 3237 903 3292; x_wconf 71' lang='lat' dir='ltr'><strong>descendisse</strong></span> <span class='ocrx_word' id='word_1_260' title='bbox 921 3241 1076 3294; x_wconf 85' lang='lat' dir='ltr'><strong>adSethum</strong></span> <span class='ocrx_word' id='word_1_261' title='bbox 1091 3253 1119 3294; x_wconf 83' lang='lat' dir='ltr'><strong>et</strong></span> <span class='ocrx_word' id='word_1_262' title='bbox 1135 3244 1287 3310; x_wconf 86' lang='lat' dir='ltr'><strong>Enoahum,</strong></span> 
     </span>
     <span class='ocr_line' id='line_1_31' title="bbox 202 3304 1369 3386; baseline 0.011 -29"><span class='ocrx_word' id='word_1_263' title='bbox 202 3321 304 3376; x_wconf 86' lang='lat' dir='ltr'><strong>eoaque</strong></span> <span class='ocrx_word' id='word_1_264' title='bbox 324 3304 358 3355; x_wconf 87' lang='lat' dir='ltr'><strong>de</strong></span> <span class='ocrx_word' id='word_1_265' title='bbox 384 3313 535 3372; x_wconf 88' lang='lat' dir='ltr'><strong>temporum</strong></span> <span class='ocrx_word' id='word_1_266' title='bbox 565 3305 629 3355; x_wconf 88' lang='lat' dir='ltr'><strong>anni</strong></span> <span class='ocrx_word' id='word_1_267' title='bbox 646 3309 778 3360; x_wconf 85' lang='lat' dir='ltr'><strong>meusium</strong></span> <span class='ocrx_word' id='word_1_268' title='bbox 805 3311 1019 3377; x_wconf 74' lang='lat' dir='ltr'><strong>conversionum,</strong></span> <span class='ocrx_word' id='word_1_269' title='bbox 1039 3313 1213 3386; x_wconf 84' lang='lat' dir='ltr'><strong>ipsorumque</strong></span> <span class='ocrx_word' id='word_1_270' title='bbox 1234 3335 1287 3368; x_wconf 84' lang='lat' dir='ltr'><strong>an·</strong></span> <span class='ocrx_word' id='word_1_271' title='bbox 1368 3333 1369 3336; x_wconf 74' lang='grc'>’</span> 
     </span>
     <span class='ocr_line' id='line_1_32' title="bbox 202 3373 1285 3454; baseline 0.012 -27"><span class='ocrx_word' id='word_1_272' title='bbox 202 3391 299 3428; x_wconf 89' lang='lat' dir='ltr'><strong>norum</strong></span> <span class='ocrx_word' id='word_1_273' title='bbox 319 3375 389 3427; x_wconf 82' lang='lat' dir='ltr'><strong>odeo</strong></span> <span class='ocrx_word' id='word_1_274' title='bbox 408 3373 609 3427; x_wconf 86' lang='lat' dir='ltr'><strong>discriminibus</strong></span> <span class='ocrx_word' id='word_1_275' title='bbox 634 3377 770 3430; x_wconf 74' lang='lat' dir='ltr'><strong>erudiisse.</strong></span> <span class='ocrx_word' id='word_1_276' title='bbox 790 3381 920 3450; x_wconf 80' lang='lat' dir='ltr'><strong>Georgius</strong></span> <span class='ocrx_word' id='word_1_277' title='bbox 934 3381 1018 3435; x_wconf 82' lang='lat' dir='ltr'><strong>tradit</strong></span> <span class='ocrx_word' id='word_1_278' title='bbox 1036 3383 1146 3436; x_wconf 84' lang='lat' dir='ltr'><strong>Sethum</strong></span> <span class='ocrx_word' id='word_1_279' title='bbox 1167 3388 1285 3454; x_wconf 86' lang='lat' dir='ltr'><strong>primum</strong></span> 
     </span>
     <span class='ocr_line' id='line_1_33' title="bbox 202 3445 1284 3523; baseline 0.01 -26"><span class='ocrx_word' id='word_1_280' title='bbox 202 3449 336 3498; x_wconf 82' lang='lat' dir='ltr'><strong>invenisse</strong></span> <span class='ocrx_word' id='word_1_281' title='bbox 362 3445 466 3497; x_wconf 82' lang='lat' dir='ltr'><strong>litteras</strong></span> <span class='ocrx_word' id='word_1_282' title='bbox 491 3446 649 3510; x_wconf 83' lang='lat' dir='ltr'><strong>Hebrnioas‚</strong></span> <span class='ocrx_word' id='word_1_283' title='bbox 669 3450 743 3516; x_wconf 77' lang='lat' dir='ltr'><strong>signa</strong></span> <span class='ocrx_word' id='word_1_284' title='bbox 767 3453 910 3515; x_wconf 84' lang='lat' dir='ltr'><strong>coelestia,</strong></span> <span class='ocrx_word' id='word_1_285' title='bbox 927 3455 1114 3508; x_wconf 79' lang='lat' dir='ltr'><strong>conversiones</strong></span> <span class='ocrx_word' id='word_1_286' title='bbox 1132 3473 1284 3523; x_wconf 80' lang='lat' dir='ltr'><strong>annornm,</strong></span> 
     </span>
     <span class='ocr_line' id='line_1_34' title="bbox 201 3515 1286 3595; baseline 0.011 -27"><span class='ocrx_word' id='word_1_287' title='bbox 201 3533 320 3582; x_wconf 87' lang='lat' dir='ltr'><strong>menses,</strong></span> <span class='ocrx_word' id='word_1_288' title='bbox 340 3518 520 3585; x_wconf 76' lang='lat' dir='ltr'><strong>septimanss3</strong></span> <span class='ocrx_word' id='word_1_289' title='bbox 542 3515 658 3569; x_wconf 88' lang='lat' dir='ltr'><strong>eundem</strong></span> <span class='ocrx_word' id='word_1_290' title='bbox 676 3519 809 3572; x_wconf 82' lang='lat' dir='ltr'><strong>sideribus</strong></span> <span class='ocrx_word' id='word_1_291' title='bbox 828 3531 856 3573; x_wconf 88' lang='lat' dir='ltr'><strong>et</strong></span> <span class='ocrx_word' id='word_1_292' title='bbox 875 3523 961 3576; x_wconf 88' lang='lat' dir='ltr'><strong>stellis</strong></span> <span class='ocrx_word' id='word_1_293' title='bbox 980 3533 1084 3595; x_wconf 79' lang='lat' dir='ltr'><strong>septem</strong></span> <span class='ocrx_word' id='word_1_294' title='bbox 1102 3527 1222 3582; x_wconf 72' lang='lat' dir='ltr'><strong>erraticis</strong></span> <span class='ocrx_word' id='word_1_295' title='bbox 1241 3529 1286 3580; x_wconf 92' lang='lat' dir='ltr'><strong><em>in-</em></strong></span> 
     </span>
     <span class='ocr_line' id='line_1_35' title="bbox 203 3586 847 3658; baseline 0.006 -20"><span class='ocrx_word' id='word_1_296' title='bbox 203 3586 305 3638; x_wconf 89' lang='lat' dir='ltr'><strong>didisse</strong></span> <span class='ocrx_word' id='word_1_297' title='bbox 323 3589 446 3649; x_wconf 81' lang='lat' dir='ltr'><strong>nomine,</strong></span> <span class='ocrx_word' id='word_1_298' title='bbox 463 3587 497 3637; x_wconf 90' lang='lat' dir='ltr'><strong>de</strong></span> <span class='ocrx_word' id='word_1_299' title='bbox 515 3587 615 3656; x_wconf 83' lang='lat' dir='ltr'><strong>quibus</strong></span> <span class='ocrx_word' id='word_1_300' title='bbox 633 3600 847 3658; x_wconf 80' lang='lat' dir='ltr'><strong>agnoscerentur.</strong></span> 
     </span>
    </p>

    <p class='ocr_par' dir='ltr' id='par_1_5' title="bbox 202 3656 1312 4160">
     <span class='ocr_line' id='line_1_36' title="bbox 273 3656 1284 3738; baseline 0.015 -31"><span class='ocrx_word' id='word_1_301' title='bbox 273 3657 323 3708; x_wconf 85' lang='lat' dir='ltr'><strong>Hic</strong></span> <span class='ocrx_word' id='word_1_302' title='bbox 341 3656 439 3709; x_wconf 85' lang='lat' dir='ltr'><strong>Sethus</strong></span> <span class='ocrx_word' id='word_1_303' title='bbox 458 3675 517 3707; x_wconf 89' lang='lat' dir='ltr'><strong><em>cum</em></strong></span> <span class='ocrx_word' id='word_1_304' title='bbox 542 3674 694 3726; x_wconf 81' lang='lat' dir='ltr'><strong>annos912</strong></span> <span class='ocrx_word' id='word_1_305' title='bbox 718 3661 841 3724; x_wconf 78' lang='lat' dir='ltr'><strong>visisset,</strong></span> <span class='ocrx_word' id='word_1_306' title='bbox 865 3663 921 3715; x_wconf 85' lang='lat' dir='ltr'><strong>fato</strong></span> <span class='ocrx_word' id='word_1_307' title='bbox 939 3664 1047 3718; x_wconf 82' lang='lat' dir='ltr'><strong>iunctus</strong></span> <span class='ocrx_word' id='word_1_308' title='bbox 1066 3675 1122 3732; x_wconf 82' lang='lat' dir='ltr'><strong>est,</strong></span> <span class='ocrx_word' id='word_1_309' title='bbox 1144 3676 1201 3721; x_wconf 90' lang='lat' dir='ltr'><strong><em>tum</em></strong></span> <span class='ocrx_word' id='word_1_310' title='bbox 1219 3686 1284 3738; x_wconf 85' lang='lat' dir='ltr'><strong>pro-</strong></span> 
     </span>
     <span class='ocr_line' id='line_1_37' title="bbox 202 3727 1285 3808; baseline 0.013 -32"><span class='ocrx_word' id='word_1_311' title='bbox 202 3733 264 3796; x_wconf 82' lang='lat' dir='ltr'><strong>pter</strong></span> <span class='ocrx_word' id='word_1_312' title='bbox 280 3728 407 3779; x_wconf 85' lang='lat' dir='ltr'><strong>virtutem</strong></span> <span class='ocrx_word' id='word_1_313' title='bbox 425 3745 473 3797; x_wconf 88' lang='lat' dir='ltr'><strong>pro</strong></span> <span class='ocrx_word' id='word_1_314' title='bbox 492 3727 544 3779; x_wconf 87' lang='lat' dir='ltr'><strong>deo</strong></span> <span class='ocrx_word' id='word_1_315' title='bbox 562 3727 683 3793; x_wconf 85' lang='lat' dir='ltr'><strong>habitus,</strong></span> <span class='ocrx_word' id='word_1_316' title='bbox 700 3735 757 3782; x_wconf 86' lang='lat' dir='ltr'><strong><em>tum</em></strong></span> <span class='ocrx_word' id='word_1_317' title='bbox 776 3731 1003 3800; x_wconf 82' lang='lat' dir='ltr'><strong>quodHebruicns</strong></span> <span class='ocrx_word' id='word_1_318' title='bbox 1023 3737 1126 3790; x_wconf 78' lang='lat' dir='ltr'><strong>litteras</strong></span> <span class='ocrx_word' id='word_1_319' title='bbox 1145 3748 1172 3790; x_wconf 87' lang='lat' dir='ltr'><strong>et</strong></span> <span class='ocrx_word' id='word_1_320' title='bbox 1189 3740 1285 3808; x_wconf 84' lang='lat' dir='ltr'><strong>nppei-</strong></span> 
     </span>
     <span class='ocr_line' id='line_1_38' title="bbox 203 3797 1285 3879; baseline 0.013 -32"><span class='ocrx_word' id='word_1_321' title='bbox 203 3797 318 3849; x_wconf 83' lang='lat' dir='ltr'><strong>intioner</strong></span> <span class='ocrx_word' id='word_1_322' title='bbox 338 3797 455 3849; x_wconf 87' lang='lat' dir='ltr'><strong>siderum</strong></span> <span class='ocrx_word' id='word_1_323' title='bbox 472 3799 574 3867; x_wconf 85' lang='lat' dir='ltr'><strong>primus</strong></span> <span class='ocrx_word' id='word_1_324' title='bbox 592 3801 749 3854; x_wconf 85' lang='lat' dir='ltr'><strong>invenisset.</strong></span> <span class='ocrx_word' id='word_1_325' title='bbox 770 3805 921 3871; x_wconf 80' lang='lat' dir='ltr'><strong>procreavit</strong></span> <span class='ocrx_word' id='word_1_326' title='bbox 936 3815 1026 3858; x_wconf 84' lang='lat' dir='ltr'><strong>sutem</strong></span> <span class='ocrx_word' id='word_1_327' title='bbox 1046 3807 1173 3872; x_wconf 86' lang='lat' dir='ltr'><strong>Enosum,</strong></span> <span class='ocrx_word' id='word_1_328' title='bbox 1191 3811 1237 3879; x_wconf 88' lang='lat' dir='ltr'><strong>qui</strong></span> <span class='ocrx_word' id='word_1_329' title='bbox 1256 3817 1285 3861; x_wconf 87' lang='lat' dir='ltr'><strong>et</strong></span> 
     </span>
     <span class='ocr_line' id='line_1_39' title="bbox 203 3865 1284 3946; baseline 0.011 -28"><span class='ocrx_word' id='word_1_330' title='bbox 203 3869 263 3936; x_wconf 86' lang='lat' dir='ltr'><strong>ipse</strong></span> <span class='ocrx_word' id='word_1_331' title='bbox 281 3882 331 3935; x_wconf 86' lang='lat' dir='ltr'><strong>pro</strong></span> <span class='ocrx_word' id='word_1_332' title='bbox 349 3865 401 3920; x_wconf 89' lang='lat' dir='ltr'><strong>deo</strong></span> <span class='ocrx_word' id='word_1_333' title='bbox 421 3870 529 3921; x_wconf 79' lang='lat' dir='ltr'><strong>virtutis</strong></span> <span class='ocrx_word' id='word_1_334' title='bbox 547 3872 655 3922; x_wconf 89' lang='lat' dir='ltr'><strong>nomine</strong></span> <span class='ocrx_word' id='word_1_335' title='bbox 672 3869 766 3922; x_wconf 83' lang='lat' dir='ltr'><strong>heberi</strong></span> <span class='ocrx_word' id='word_1_336' title='bbox 789 3877 896 3927; x_wconf 87' lang='lat' dir='ltr'><strong>meruit.</strong></span> <span class='ocrx_word' id='word_1_337' title='bbox 916 3893 975 3927; x_wconf 89' lang='lat' dir='ltr'><strong>curn</strong></span> <span class='ocrx_word' id='word_1_338' title='bbox 993 3894 1076 3931; x_wconf 80' lang='lat' dir='ltr'><strong>annos</strong></span> <span class='ocrx_word' id='word_1_339' title='bbox 1094 3881 1205 3932; x_wconf 72' lang='lat' dir='ltr'><strong>uixisset</strong></span> <span class='ocrx_word' id='word_1_340' title='bbox 1222 3881 1284 3946; x_wconf 84' lang='lat'><strong>905,</strong></span> 
     </span>
     <span class='ocr_line' id='line_1_40' title="bbox 204 3935 1282 4020; baseline 0.01 -31"><span class='ocrx_word' id='word_1_341' title='bbox 204 3937 284 3989; x_wconf 85' lang='lat' dir='ltr'><strong>rebus</strong></span> <span class='ocrx_word' id='word_1_342' title='bbox 301 3935 423 3989; x_wconf 84' lang='lat' dir='ltr'><strong>humanis</strong></span> <span class='ocrx_word' id='word_1_343' title='bbox 451 3949 590 4010; x_wconf 84' lang='lat' dir='ltr'><strong>exemptus</strong></span> <span class='ocrx_word' id='word_1_344' title='bbox 619 3949 667 3993; x_wconf 83' lang='lat' dir='ltr'><strong><em>est</em></strong></span> <span class='ocrx_word' id='word_1_345' title='bbox 685 3941 772 3994; x_wconf 81' lang='lat' dir='ltr'><strong>filium</strong></span> <span class='ocrx_word' id='word_1_346' title='bbox 790 3941 886 3998; x_wconf 87' lang='lat' dir='ltr'><strong>habuit</strong></span> <span class='ocrx_word' id='word_1_347' title='bbox 905 3945 1028 4012; x_wconf 78' lang='lat' dir='ltr'><strong>cainam,</strong></span> <span class='ocrx_word' id='word_1_348' title='bbox 1055 3951 1178 4020; x_wconf 87' lang='lat' dir='ltr'><strong>quicum</strong></span> <span class='ocrx_word' id='word_1_349' title='bbox 1198 3967 1282 4002; x_wconf 86' lang='lat' dir='ltr'><strong>annos</strong></span> 
     </span>
     <span class='ocr_line' id='line_1_41' title="bbox 204 4009 1312 4089; baseline 0.013 -30"><span class='ocrx_word' id='word_1_350' title='bbox 204 4009 301 4059; x_wconf 76' lang='lat' dir='ltr'><strong>aetatis</strong></span> <span class='ocrx_word' id='word_1_351' title='bbox 322 4021 374 4072; x_wconf 85' lang='lat'><strong><em>9¹0</em></strong></span> <span class='ocrx_word' id='word_1_352' title='bbox 402 4009 552 4076; x_wconf 80' lang='lat' dir='ltr'><strong>explesset,</strong></span> <span class='ocrx_word' id='word_1_353' title='bbox 578 4010 647 4062; x_wconf 88' lang='lat' dir='ltr'><strong>obiit</strong></span> <span class='ocrx_word' id='word_1_354' title='bbox 670 4014 765 4066; x_wconf 86' lang='lat' dir='ltr'><strong>relicto</strong></span> <span class='ocrx_word' id='word_1_355' title='bbox 792 4014 849 4066; x_wconf 83' lang='lat' dir='ltr'><strong>filio</strong></span> <span class='ocrx_word' id='word_1_356' title='bbox 868 4015 1028 4081; x_wconf 85' lang='lat' dir='ltr'><strong>Maieleelo,</strong></span> <span class='ocrx_word' id='word_1_357' title='bbox 1048 4021 1096 4089; x_wconf 94' lang='lat' dir='ltr'><strong>qui</strong></span> <span class='ocrx_word' id='word_1_358' title='bbox 1117 4022 1193 4072; x_wconf 81' lang='lat' dir='ltr'><strong>anuis</strong></span> <span class='ocrx_word' id='word_1_359' title='bbox 1210 4023 1283 4072; x_wconf 77' lang='lat' dir='ltr'><strong>vitae</strong></span> <span class='ocrx_word' id='word_1_360' title='bbox 1309 4055 1312 4060; x_wconf 93' lang='lat'>-</span> 
     </span>
     <span class='ocr_line' id='line_1_42' title="bbox 204 4077 1282 4160; baseline 0.01 -31"><span class='ocrx_word' id='word_1_361' title='bbox 204 4077 255 4146; x_wconf 69' lang='lat'><strong><em>⁸95</em></strong></span> <span class='ocrx_word' id='word_1_362' title='bbox 278 4078 379 4129; x_wconf 81' lang='lat' dir='ltr'><strong>exactis</strong></span> <span class='ocrx_word' id='word_1_363' title='bbox 402 4087 523 4129; x_wconf 84' lang='lat' dir='ltr'><strong>mortuus</strong></span> <span class='ocrx_word' id='word_1_364' title='bbox 546 4089 595 4134; x_wconf 85' lang='lat' dir='ltr'><strong>est.</strong></span> <span class='ocrx_word' id='word_1_365' title='bbox 614 4082 700 4134; x_wconf 85' lang='lat' dir='ltr'><strong>iiiiunr</strong></span> <span class='ocrx_word' id='word_1_366' title='bbox 727 4085 750 4135; x_wconf 91' lang='lat' dir='ltr'><strong><em>is</em></strong></span> <span class='ocrx_word' id='word_1_367' title='bbox 767 4083 865 4137; x_wconf 85' lang='lat' dir='ltr'><strong>irnbuit</strong></span> <span class='ocrx_word' id='word_1_368' title='bbox 881 4086 1022 4154; x_wconf 85' lang='lat' dir='ltr'><strong>isredum,</strong></span> <span class='ocrx_word' id='word_1_369' title='bbox 1041 4093 1089 4160; x_wconf 84' lang='lat' dir='ltr'><strong>qui</strong></span> <span class='ocrx_word' id='word_1_370' title='bbox 1105 4101 1166 4160; x_wconf 86' lang='lat' dir='ltr'><strong>post</strong></span> <span class='ocrx_word' id='word_1_371' title='bbox 1184 4107 1282 4142; x_wconf 81' lang='lat' dir='ltr'><strong>snuurn</strong></span> 
     </span>
    </p>
   </div>
   <div class='ocr_carea' id='block_1_4' title="bbox 138 4145 1283 4233">
    <p class='ocr_par' dir='ltr' id='par_1_6' title="bbox 138 4145 1283 4233">
     <span class='ocr_line' id='line_1_43' title="bbox 138 4145 1283 4233; baseline 0.01 -32"><span class='ocrx_word' id='word_1_372' title='bbox 138 4145 141 4161; x_wconf 94' lang='lat'>&#39;</span> <span class='ocrx_word' id='word_1_373' title='bbox 204 4150 277 4202; x_wconf 77' lang='lat' dir='ltr'><strong>sitae</strong></span> <span class='ocrx_word' id='word_1_374' title='bbox 293 4148 346 4220; x_wconf 77' lang='lat'><strong><em>9⁶²</em></strong></span> <span class='ocrx_word' id='word_1_375' title='bbox 363 4154 450 4200; x_wconf 81' lang='lat' dir='ltr'><strong>terras</strong></span> <span class='ocrx_word' id='word_1_376' title='bbox 467 4149 586 4218; x_wconf 80' lang='lat' dir='ltr'><strong>reliquit</strong></span> <span class='ocrx_word' id='word_1_377' title='bbox 608 4153 704 4219; x_wconf 70' lang='lat' dir='ltr'><strong>genuit</strong></span> <span class='ocrx_word' id='word_1_378' title='bbox 728 4163 818 4208; x_wconf 81' lang='lat' dir='ltr'><strong>sutem</strong></span> <span class='ocrx_word' id='word_1_379' title='bbox 836 4157 990 4225; x_wconf 83' lang='lat' dir='ltr'><strong>Enoehum,</strong></span> <span class='ocrx_word' id='word_1_380' title='bbox 1010 4166 1055 4214; x_wconf 81' lang='lat' dir='ltr'><strong>‘ea</strong></span> <span class='ocrx_word' id='word_1_381' title='bbox 1072 4178 1126 4233; x_wconf 88' lang='lat' dir='ltr'><strong><em>quo</em></strong></span> <span class='ocrx_word' id='word_1_382' title='bbox 1145 4161 1283 4214; x_wconf 75' lang='lat' dir='ltr'><strong>Mathusa-</strong></span> 
     </span>
    </p>
   </div>
   <div class='ocr_carea' id='block_1_5' title="bbox 0 0 1378 4617">
    <p class='ocr_par' dir='ltr' id='par_1_7' title="bbox 0 0 1378 4617">
     <span class='ocr_line' id='line_1_44' title="bbox 0 0 1378 4617; baseline 0 0"><span class='ocrx_word' id='word_1_383' title='bbox 0 0 1378 4617; x_wconf 95' lang='lat' dir='ltr'><strong><em> </em></strong></span> 
     </span>
    </p>
   </div>
  </div>
 </body>
</html>
