2742 4617
457 281 671 344 λιιιιιιιοσοι
700 285 802 346 raas
832 287 856 346 ι.
1116 262 1194 348 ι63

114 427 202 514 παρὰ
223 430 301 493 ιιιῖσι
318 427 432 511 σχεδόν
446 431 524 514 σερό
536 453 571 494 τε
591 432 649 515 τῆς
672 429 799 518 φόσιοος
818 438 876 498 sod
890 437 993 521 φατοό
1004 437 1122 501 ἐκείνου
1142 442 1198 506 ans*

113 531 170 612 τῆς
188 528 336 610 βρώσεως
359 528 472 593 nitori.
495 529 550 593 καό
569 524 608 593 οό
628 533 722 595 τοῦτο
740 531 851 615 μόνον,
872 529 952 600 οἷλλό
975 537 1030 599 καί
1047 535 1197 619 βριόσειος

113 630 327 713 ἐμφορεῖσθαι
346 629 472 708 λέγουσι
493 625 546 692 τόν
563 626 671 710 iride
691 630 842 714 αἰσθητῆς
849 681 859 712 ,
888 641 988 696 ποιεῖν
1006 657 1041 698 τε
1061 637 1116 699 καί
1134 661 1196 700 τια-

111 749 202 809 σχειν
221 720 282 791 όσοι
300 724 380 806 μειό
400 724 457 810 τόν
476 728 596 812 βρῶσιν
627 729 661 807 ἐξ
682 727 817 814 ἀνάγκης
835 734 875 818 τῇ
893 735 995 819 θνητῇ
1015 729 1113 818 φόσει
1134 760 1196 800 πα-

80 827 256 906 5ρέιιεται.
299 819 378 888 όθεν
398 825 568 910 α’νσγκαῖον
585 829 661 912 περι*
682 830 740 910 τῆς
760 826 995 913 φόσεωςαότοό
1012 837 1071 898 sori
1090 831 1227 916 Ἀόόμῃ

109 925 276 1006 διαλαβεῖν
304 923 473 1007 πρότερον·
529 918 613 988 oden
633 924 694 1009 γόρ
718 924 961 1010 όιιιγνοοσόμεθα
990 927 1070 996 κατό
1090 955 1124 1014 γε
1155 931 1192 996 τό

107 1025 270 1104 ἐγχωροῦν
288 1026 336 1097 τίς
354 1045 390 1088 τε
411 1019 431 1106 ἦ
454 1027 572 1107 βρῶσις
592 1021 633 1107 ἢν
652 1019 748 1098 αότός
768 1027 802 1089 όν
822 1030 864 1114 τῷ
885 1030 1065 1119 ιιαραόεόιιρ
1085 1023 1196 1116 ἤσθιεν
1266 1095 1269 1104 ,

108 1117 271 1201 όἉόόμ,
300 1119 355 1186 aar*
383 1118 419 1186 τό
453 1121 555 1208 φατόν
588 1121 739 1198 οόσαότοις
768 1127 823 1208 τῆς
842 1125 983 1207 γνοόσεαις
1006 1133 1112 1193 oneror
1131 1123 1196 1214 όρα

107 1219 165 1304 τὴν
185 1216 284 1306 φόσιν
305 1219 482 1302 ἐτύγχανεν.
531 1222 668 1303 πρόσεχε
697 1215 764 1286 σόν.
806 1221 863 1288 τόν
887 1219 994 1307 'Adduo
1027 1221 1117 1292 ἄλλοι
1136 1233 1196 1310 μὲν

60 1317 225 1402 ιοθνητόν
244 1315 307 1382 ότιό
331 1323 411 1382 θεοῦ
433 1318 644 1404 παραχθῆναί
660 1344 778 1406 φασιν,
800 1323 899 1404 ἕτεροι
920 1327 956 1389 di·
977 1326 1075 1410 μόσην
1099 1321 1196 1394 αότόν

107 1415 196 1501 ἔχειν
214 1417 463 1500 όιισχορόζονται
486 1420 593 1502 τάξιν,
614 1409 775 1485 τουτέστιν
798 1421 976 1499 ἀθανασίας
997 1419 1079 1490 εἶναι
1098 1427 1196 1507 μέσον

109 1515 214 1584 αιῖτόν
236 1517 292 1580 καό
309 1515 515 1601 θνητότρτος·
557 1521 588 1584 εἰ
604 1517 649 1602 μὴ
673 1518 732 1603 yde
755 1523 848 1584 τοῦτο
869 1513 916 1604 ἧν,
938 1521 981 1598 uic
1001 1527 1116 1589 ἐκεῖνοί
1133 1549 1197 1610 φα-

107 1641 174 1697 σιν,
196 1617 252 1680 οόκ
271 1611 311 1680 όν
328 1614 464 1681 sinistros
489 1616 616 1705 θανότιρ
634 1619 713 1700 μετὰ
733 1617 790 1703 τήν
807 1616 1001 1704 παράβασιν.
1024 1627 1091 1688 ἀλλ’
1114 1617 1195 1711 όφις

108 1715 244 1797 αότοός,
267 1714 332 1799 εἴγε
350 1717 406 1780 καί
423 1721 541 1797 μᾶλλον
566 1713 581 1779 ό
605 1715 707 1803 σοφός
726 1717 879 1800 Σολομοόν
900 1723 934 1785 όν
951 1723 989 1808 τῇ
1010 1723 1109 1813 σοφόρ
1134 1723 1196 1788 αό-

58 1819 170 1886 ιότοῦ
193 1813 273 1880 κατὰ
302 1817 384 1894 λόξιν
417 1811 516 1892 σότως
538 1812 667 1901 εόρηιαι
695 1813 793 1900 λέγων
823 1815 861 1900 ,,ό
881 1818 957 1895 θεός
976 1821 1114 1886 θάνατον
1136 1817 1195 1888 οόκ

106 1917 269 1998 ἐποίησεν,
293 1914 363 1979 ἀλλ’
382 1900 429 1979 iu‘
449 1916 614 2006 όφθαρσόρι
631 1913 688 1980 τόν
709 1909 879 2000 όνθριοιιον
900 1915 1001 1982 ἔκτισε
1021 1925 1091 1983 κατ’
1113 1919 1229 2001 εἰκόσι,
1240 1953 1276 2006 35

105 2037 148 2076 να
170 2018 229 2093 τῆς
262 2012 438 2098 α’ῖόιότητος
465 2016 578 2079 adteri.
620 2012 730 2103 φθόνῳ
752 2017 787 2080 δὲ
809 2021 866 2080 τοῦ
890 2015 1037 2098 διαβόλου
1057 2017 1193 2094 θάνατος

104 2116 155 2189 εἰς
172 2111 229 2178 τόν
246 2113 363 2195 κόσμον
391 2116 572 2198 εἰσῆλθεν.”
618 2112 704 2196 εἴιιερ
735 2105 793 2179 σόν
816 2109 832 2176 ό
854 2114 930 2189 θεός
958 2116 1006 2180 όιι’
1027 2117 1194 2206 όφθαρσόρ

104 2209 212 2276 ἔκτισε
231 2217 302 2276 κατ’
324 2213 429 2278 εἰκόνα
448 2215 502 2299 τῆς
521 2207 698 2298 όῖόιότητος
719 2213 837 2295 αότοό,
857 2217 925 2289 unic
942 2209 1080 2295 εἴιιοσμεν
1096 2213 1195 2281 αότόν

56 2339 97 2380 no
105 2308 300 2374 όιιοκεῖσθαι
319 2315 430 2398 φθορᾷ
450 2313 505 2376 καὶ
520 2309 700 2396 θνηιότητι,
719 2310 774 2376 καό
793 2313 894 2378 ταῦτα
915 2314 974 2379 τοό
993 2316 1072 2378 θεοῦ
1091 2311 1195 2382 θοίνα-

103 2433 183 2492 τον,
209 2407 252 2486 ὥς
271 2408 412 2495 εἴρηται,
431 2410 477 2497 μὴ
498 2409 687 2496 ποιήσαντος
707 2405 762 2476 ἄνι’
783 2405 905 2496 οἷρχῆςς
926 2413 957 2477 εἰ
974 2408 1036 2496 γόρ
1058 2411 1195 2493 sinopes

104 2507 160 2576 ότι
178 2509 214 2576 τό
236 2513 330 2594 σῶμα
363 2513 424 2576 τοῦ
439 2509 543 2596 ’Adire
562 2512 661 2578 ἐκεῖνο
679 2510 736 2578 καί
756 2512 865 2598 φθορᾷ
887 2510 967 2578 sosoi
989 2535 1058 2578 τινα
1077 2509 1194 2598 τρόπον

105 2843 168 2888 tum
197 2833 336 2888 fruitione.
365 2851 401 2887 ne
440 2851 456 2886 e
485 2833 519 2886 de
536 2834 587 2886 hoc
616 2842 739 2897 tantum,
765 2834 814 2887 sed
843 2833 924 2886 etiam
946 2830 1071 2884 nonnulli
1097 2832 1193 2888 volunt

105 2904 244 2957 Adamum
264 2906 326 2957 cibo
343 2907 436 2958 censii
454 2907 536 2957 fuisse
554 2906 693 2968 satiatum,
714 2921 800 2974 eaque
817 2912 875 2959 tum
894 2903 989 2956 secisse
1010 2908 1068 2954 tum
1085 2918 1192 2970 persona

105 2991 170 3028 esse
190 2992 263 3046 quse
279 2993 294 3028 a
313 2984 393 3046 pastu
409 2977 560 3029 necessario
578 2985 690 3028 naturae
715 2977 822 3028 mortali
841 2979 1040 3026 consueverunt
1061 2973 1193 3027 accidere.

105 3056 278 3117 quopropter
304 3049 362 3116 ipsa
379 3048 495 3118 requirit
520 3047 665 3098 nocentius
689 3054 721 3099 ut
738 3045 773 3098 de
791 3047 874 3115 ipsius
892 3043 985 3096 Adami
1003 3050 1100 3095 natura
1117 3044 1191 3112 prins

105 3119 247 3186 quaedam
266 3134 437 3187 exponamus.
455 3133 565 3169 namen
584 3118 689 3169 ratione
708 3133 915 3185 cognoscemus,
933 3123 1062 3185 quantum
1081 3113 1191 3184 quidem

107 3190 171 3239 cius
198 3189 258 3240 lieri
273 3190 389 3258 poterit,
406 3189 466 3259 quis
489 3186 564 3238 cibos
584 3187 632 3238 ille
656 3187 806 3257 fueritque
831 3187 862 3238 in
888 3184 1012 3255 paradiso
1033 3183 1192 3236 vescebatur

105 3259 247 3324 Adnmm,
277 3267 306 3310 et
321 3275 390 3329 quae
417 3259 519 3310 arboria
541 3257 669 3309 scientiae
685 3267 781 3310 natura
810 3257 949 3310 exstiterit.
997 3255 1124 3307 ddamum
1144 3255 1191 3306 alii

106 3330 224 3400 quidem
251 3346 267 3379 a
291 3329 343 3381 deo
370 3329 509 3381 conditum
536 3328 618 3379 foisse
648 3329 787 3380 mortalem
813 3325 924 3390 dicunt,
954 3327 1001 3378 olii
1018 3342 1081 3377 vero
1099 3325 1190 3377 medio

106 3400 229 3470 quodam
247 3399 308 3451 loco
324 3402 505 3463 constituunt,
521 3399 648 3450 nimirum
664 3400 735 3450 inter
752 3398 978 3450 immortalitatem
996 3403 1024 3448 et
1040 3393 1191 3447 mortalita-

105 3479 175 3521 tem.
207 3473 309 3522 etenim
334 3471 436 3540 absque
464 3469 516 3520 hoc
542 3469 626 3528 soret.
645 3478 676 3520 ut
700 3470 752 3538 ipsi
770 3467 880 3539 quidem
898 3468 1040 3538 inquiunt,
1058 3483 1112 3517 non
1129 3474 1191 3534 post

106 3542 349 3609 transgressionem
368 3542 446 3593 morti
468 3540 563 3591 fuisset
582 3539 669 3590 factus
698 3539 838 3590 obnoxius.
858 3541 991 3590 enimvero
1009 3545 1040 3588 tu
1058 3537 1109 3587 hoa
1127 3537 1192 3588 mlt-

107 3629 155 3662 sos
172 3611 271 3675 facito,
298 3611 406 3682 quando
435 3612 541 3680 sapiens
562 3610 610 3660 ille
628 3609 738 3660 Solomo
756 3611 785 3658 in
801 3609 933 3678 supientia
951 3623 998 3658 sua
1022 3609 1050 3676 (t
1078 3608 1105 3657 13
1125 3615 1189 3658 eta

107 3683 157 3753 23)
176 3682 263 3734 tradit
280 3681 360 3733 deum
378 3690 490 3733 mortem
509 3697 565 3732 non
583 3678 744 3743 condidisse,
764 3681 845 3730 immo
862 3679 892 3730 in
912 3685 981 3730 statu
1000 3677 1125 3730 interitus
1144 3687 1191 3728 ex-=

105 3762 188 3822 perte
210 3755 312 3804 creavit
327 3752 462 3803 hominem
476 3750 510 3803 ad
523 3753 663 3820 imaginem
679 3751 846 3801 aeternitatis
865 3765 938 3801 auae.
954 3763 1045 3798 verum
1064 3746 1191 3820 deinceps

106 3823 215 3874 invidia
242 3822 346 3874 diaboli
374 3839 445 3874 mors
465 3823 494 3873 in
512 3822 639 3873 mnndum
658 3821 738 3873 venit
756 3836 838 3888 quare
860 3822 880 3870 si
899 3817 966 3869 deus
983 3819 1012 3878 in
1032 3827 1103 3871 stetu
1121 3819 1192 3869 inte-

107 3896 179 3945 ritus
209 3903 320 3963 experte
336 3894 369 3945 ad
395 3894 536 3962 imaginem
557 3892 723 3944 aetemitaeis
740 3905 804 3940 auae
822 3888 950 3941 condidit
966 3887 1119 3951 hominem,
1137 3905 1191 3957 quo

105 3974 190 4033 pacto
205 3964 262 4016 dici
275 3983 290 4016 a
303 3965 381 4016 nobis
394 3963 619 4034 poteatlldananm
638 3961 761 4013 interitui
772 3959 982 4028 mortalitatique
1000 3960 1057 4010 ullo
1070 3976 1104 4010 ex
1116 3968 1191 4029 parte

106 4037 262 4086 obnoxium
280 4036 382 4087 lauisse?
401 4035 557 4104 praesertim
573 4051 633 4084 cnm
653 4041 781 4093 mortem,
799 4045 847 4081 ceu
866 4029 966 4082 dictum
988 4039 1045 4092 est,
1060 4029 1093 4081 ab
1110 4029 1191 4080 initio

106 4107 223 4158 minime
242 4106 310 4157 deos
328 4105 487 4158 condiderit
504 4122 565 4156 nam
583 4105 606 4155 si
625 4099 845 4157 dicatooaadamt
867 4118 962 4170 corpus
981 4099 1049 4152 illud
1068 4097 1192 4149 interitui

106 4177 231 4246 quodam
256 4177 338 4229 modo
361 4175 512 4230 subiectum
538 4175 638 4239 inisse,
670 4173 741 4226 nihil
759 4172 833 4227 aliud
849 4169 1056 4244 significabimus
1074 4167 1128 4220 nial
1145 4181 1194 4218 sn·
