2742 4617
175 233 231 357 da
505 255 722 323 urcuamrs
749 252 913 325 carcaa
968 242 979 265 ‘

175 415 240 481 roi's
259 414 410 497 χεομλνην
430 401 531 497 σάγην
552 413 607 477 κατ’
627 406 764 495 υίρανόν
783 407 992 492 περιλάμπειν
1018 405 1075 471 καί
1089 401 1147 469 sir
1164 400 1257 487 tto«,

177 510 233 577 καί
251 511 334 593 duod
350 535 384 577 τε
403 514 443 597 τῇ
461 514 501 599 γῇ
521 508 606 597 πάσῃ
627 510 682 574 καί
699 512 737 595 τῇ
757 505 903 595 θαλάσση
922 506 1259 590 συμπαρικτεινισθαι.

176 600 296 695 stiparis
316 606 465 675 άπατάτιο
485 631 522 675 σε
543 604 636 673 τουτί
654 603 864 694 φαινόμενον,
885 606 968 690 μηδὲ
983 611 1140 688 πηχυαῖον
1160 601 1259 667 osiris

178 703 260 773 sirus
291 704 384 790 νόμιζ
410 734 418 752 ·
473 706 494 795 ηε
521 704 583 795 γάρ
614 698 690 787 ὄψις
719 702 810 789 ἡμῶν
840 707 1094 788 ἐνδαπανηθεϊσα
1121 704 1166 789 aqi
1185 704 1259 783 α’ἑρι

99 818 127 873 Ρ.
138 806 351 872 οοκάντεῦθεν
368 808 506 892 ἐξίτηλος
525 814 671 889 γεγονυῖα
688 803 768 886 πρὸς
787 803 845 887 τήν
865 804 981 888 α’κριβη
999 800 1178 887 κατάληψιν
1197 798 1287 865 τῶνὸ

180 903 348 991 ὁρωμένων
371 904 429 969 οὐκ
449 907 583 990 ἐξαρκεῖ.
624 906 690 969 κατ’
712 900 856 986 ἔκπληξιν
876 898 984 967 λοιπὸν
1004 902 1061 964 καί
1081 897 1161 965 κατά
1182 897 1261 981 σάγ-

179 1029 282 1089 κρισιν
295 1006 394 1087 μέγαν
413 1004 540 1071 ἐκάλεσε
556 1004 611 1069 τὸν
632 998 722 1087 ἥλιον
742 1000 897 1087 ἧγραφη,
921 996 981 1083 ὅρα
1000 996 1062 1083 γάρ
1083 994 1132 1063 ὅτι
1151 1000 1207 1061 καί
1217 994 1257 1063 τά

179 1100 256 1189 κη’τη
270 1102 313 1167 τά
331 1097 453 1183 μεγάλα
476 1101 600 1185 μεγάλα
620 1094 746 1184 εἶπονῆ
773 1102 878 1185 γραφη
903 1098 963 1180 οιῖχ
987 1094 1035 1163 ὅτι
1054 1097 1181 1179 καρίδος
1204 1098 1259 1161 καὶ

177 1202 323 1283 μαινίδος
342 1194 475 1281 μείζονά
493 1204 584 1281 εἰσιν,
596 1202 669 1266 ἀλλ’
688 1195 738 1264 ὅτι
752 1198 912 1283 μεγίστοις
932 1201 1073 1263 ἐοίκασιν
1094 1188 1181 1281 ὄρεσι
1201 1197 1260 1279 τῆς

178 1298 336 1383 θαλάττης
356 1294 504 1375 πολλάκις
527 1295 780 1385 άπερνηχάμενα.
822 1301 876 1364 καί
888 1301 1033 1381 ἐποίησεν
1053 1294 1071 1360 o‘
1092 1292 1166 1371 θεὸς
1185 1293 1259 1371 τούς
1272 1318 1307 1359 ιο

180 1401 352 1487 φωστῆρας
373 1395 448 1474 τούς
473 1398 639 1482 μεγάλους.
695 1398 752 1464 καί
776 1399 843 1473 mir
862 1398 921 1483 γάρ
944 1400 986 1459 od
1002 1399 1099 1479 μέγας
1118 1393 1134 1457 ὁ
1153 1391 1260 1477 ἥλιος,

180 1496 245 1580 εἴγε
265 1496 321 1562 καί
348 1499 403 1581 τῆς
429 1500 486 1582 γῆς
516 1497 615 1582 ου’τῆς
645 1500 888 1563 πολλαπλασίονι
907 1497 996 1577 ἐστίς
1014 1496 1071 1559 καί
1086 1492 1149 1578 γάρ
1167 1496 1198 1557 εἰ
1215 1491 1260 1575 μη

179 1598 269 1665 τοῦτο
288 1594 467 1681 ἐτύγχανεν,
489 1598 546 1662 ουίι
567 1590 606 1663 ais
626 1596 822 1683 ὑπερφανεὶς
845 1598 902 1660 τοῦ
924 1594 1083 1680 ὁρίζοντος
1105 1597 1145 1681 τῇ
1164 1594 1261 1679 οἰκεάγ

180 1699 350 1781 τηνικαῦτα
373 1692 505 1778 δυνάμει
528 1698 778 1783 συμπιριειληφε
798 1694 972 1775 ξύμπαντα.

152 1804 175 1858 B
264 1794 363 1879 Μέγα
395 1798 474 1877 μέν,
505 1790 548 1871 ὥς
569 1797 776 1881 προείρηται,
797 1798 853 1858 καί
868 1792 904 1859 τά
924 1795 981 1877 τῆς
1002 1791 1130 1877 σελήνης
1150 1792 1310 1873 σάμα,ι5

182 1895 237 1959 καί
260 1890 437 1980 φανάτατόν
456 1917 491 1978 γε
508 1892 592 1977 μετά
613 1893 668 1961 τὸν
688 1891 786 1979 ἥλιον.
827 1894 859 1959 εἰ
877 1892 937 1977 γάρ
959 1890 1015 1956 καί
1031 1890 1074 1977 μη“
1096 1894 1204 1955 διόλου
1224 1887 1261 1955 sd

182 1994 252 2079 φῶς
272 1992 371 2077 αὐτῆς
391 1993 619 2078 α’μιτακίνητον
636 1996 741 2076 μένει,
766 1989 846 2057 άλλά
867 1995 1028 2057 καὶτοῦτο
1049 1988 1187 2075 α’ρρητου
1209 2012 1264 2055 σο-

183 2094 261 2177 φίας
283 2093 341 2155 τοῦ
376 2092 570 2177 δημιουργοῦ
597 2092 741 2174 πάντων,
770 2088 854 2157 aiore
880 2095 922 2179 aqi
944 2089 1022 2156 κατά
1055 2088 1113 2173 τὴν
1131 2088 1264 2174 σελήνην

182 2188 321 2271 θεάματι
354 2186 564 2257 παιδεύεσθαι
593 2192 677 2276 ἡμᾶς
697 2189 738 2255 τά
770 2189 906 2275 ἡμέτερα
927 2192 964 2257 δὲ
984 2191 1041 2255 καί
1057 2193 1112 2273 τῆς
1133 2192 1264 2271 ταχείας

181 2292 243 2355 τοῖν
265 2287 476 2371 ἀνθρωπίνων
509 2292 698 2375 περιτροπῆς
729 2292 872 2355 ἐντεῦθεν
891 2292 937 2365 εἰς
953 2287 1077 2355 ἔννοιαν
1095 2286 1263 2375 ἔρχεσθαι.
1272 2312 1315 2353 so

184 2382 272 2468 οἶμαι
297 2388 333 2451 δὲ
366 2384 421 2453 καὶ
450 2388 490 2475 τῇ
509 2392 573 2453 τοῖν
593 2390 680 2469 ζάιυν
699 2392 878 2477 κατασκευῇ
905 2388 1043 2466 καὶτοῖς
1062 2396 1181 2463 λοιποῖς
1200 2396 1264 2463 τοῖς

184 2484 246 2551 α’πό
281 2486 340 2571 γῆς
366 2488 537 2575 φυομένοις
554 2484 600 2573 μη
630 2486 749 2576 μικράν
774 2487 932 2575 ὑπάρχειν
957 2490 993 2555 εἰι
1022 2492 1079 2575 τῆς
1105 2484 1185 2553 κατά
1207 2486 1265 2573 την

184 2722 322 2796 proiectus
341 2723 375 2777 rb
394 2724 427 2777 iis
445 2724 575 2797 splendor
587 2726 693 2779 coelum
705 2726 791 2797 ipsum
805 2726 964 2779 collustrata
981 2727 1067 2797 possit
1083 2734 1113 2779 et
1128 2732 1206 2790 aera,
1226 2726 1265 2777 si·

183 2795 296 2865 mulque
320 2804 407 2849 semet
426 2797 461 2849 arl
478 2806 576 2851 terram
608 2814 640 2849 ao
657 2814 730 2849 marr
748 2805 835 2848 totum
854 2798 998 2867 porrigere.
1018 2806 1184 2867 quapropter
1200 2812 1267 2847 aare

184 2882 219 2919 ue
235 2868 439 2934 persuasionem
465 2867 500 2920 de
519 2868 572 2920 hoc
588 2867 677 2920 ridere
707 2868 801 2919 salram
817 2870 955 2938 aequaris,
984 2884 1036 2919 nec
1052 2868 1267 2936 magnitudinem

184 2937 244 2989 eius
263 2954 322 2991 erre
339 2937 485 2991 cubitalem
506 2940 650 2992 existimer.
671 2939 772 2991 etenim
790 2938 933 3007 adspectur
950 2947 1043 2991 aorter
1058 2940 1089 2991 in
1108 2944 1172 2990 aere
1190 2937 1269 2989 velut

184 3006 342 3077 absumptae
359 3026 390 3061 ac
416 3010 570 3061 desninutua
597 3009 633 3061 ad
659 3008 926 3079 comprehensionem
944 3010 1069 3074 illorum,
1097 3024 1168 3078 quae
1186 3026 1269 3077 rupta

184 3094 235 3131 nos
254 3079 449 3147 complemus,
466 3080 676 3151 haudquaquam
699 3080 807 3132 sufficit
836 3079 930 3149 itaque
947 3079 1054 3132 litterae
1074 3096 1165 3131 racrae
1183 3079 1269 3129 solem

184 3164 311 3217 magnum
328 3150 518 3219 appellantes
535 3151 713 3203 admiratione
732 3151 850 3220 quadam
863 3166 895 3201 ac
911 3157 1039 3219 stupore,
1057 3168 1114 3203 non
1132 3166 1270 3219 compara-

186 3220 271 3273 tionis
297 3220 413 3273 alicuine
435 3222 549 3273 ratione.
568 3238 630 3273 nam
650 3231 678 3275 et
706 3230 781 3273 cetos
799 3223 855 3273 rire
883 3218 1012 3272 balaenae
1029 3220 1140 3273 eaedem
1160 3236 1270 3287 magnae

187 3298 299 3353 vomat,
327 3308 383 3345 non
410 3289 486 3361 quod
509 3292 554 3343 vel
579 3293 679 3363 aquilla
698 3293 743 3344 rel
771 3292 864 3343 halece
889 3292 1005 3343 maiorer
1023 3293 1097 3355 rint,
1129 3290 1178 3343 red
1195 3289 1270 3359 quod

187 3360 325 3414 montibus
344 3362 426 3413 etism
443 3364 566 3415 maximis
583 3364 638 3415 sint
655 3364 818 3427 conrimiler‚
835 3379 895 3413 eum
908 3363 939 3414 in
957 3363 1101 3431 superlicio
1119 3362 1200 3413 maris
1221 3378 1271 3412 ns-

187 3438 257 3484 tant.
276 3433 377 3485 creavit
394 3449 456 3501 ergo
480 3432 546 3485 deus
564 3433 707 3485 luminaria
729 3450 833 3503 magua.
858 3441 887 3484 et
904 3450 960 3503 quo
984 3443 1064 3506 pacto
1081 3433 1123 3485 sol
1140 3449 1196 3483 non
1213 3448 1296 3503 mm,

189 3518 257 3571 gnus
272 3503 316 3566 sit,
333 3502 357 3556 si
377 3503 489 3573 quidem
506 3520 568 3555 eum
584 3505 676 3557 multia
694 3513 766 3557 terra
782 3501 903 3573 partibor
923 3520 981 3556 esse
999 3506 1128 3557 maiorem
1147 3502 1273 3553 constat?

189 3588 253 3625 nam
271 3572 375 3643 absque
403 3574 454 3626 illo
473 3575 559 3639 foret,
587 3591 643 3628 nou
660 3592 740 3647 rupra
766 3574 897 3627 circulum
913 3575 1050 3627 finitorem
1069 3580 1229 3641 conspectus
1245 3573 1273 3623 ri

192 3657 242 3696 rua
260 3652 357 3696 cuncta
375 3646 607 3716 complecteretur.

260 3712 358 3767 Itidem
386 3724 419 3768 ut
449 3714 530 3767 modo
547 3716 749 3779 iudicabamus,
768 3714 849 3767 lunae
875 3730 985 3785 quoque
1002 3729 1098 3782 corpus
1115 3713 1209 3779 ingens
1231 3723 1275 3765 est

189 3795 224 3833 ac
237 3782 385 3837 secundum
401 3786 487 3839 solem
497 3787 698 3841 lucidissimum.
717 3803 779 3838 nam
797 3785 873 3855 qaod
889 3786 938 3837 lux
956 3785 1014 3835 eius
1031 3800 1086 3834 non
1097 3798 1204 3852 prorsus
1222 3784 1275 3835 im-

190 3850 302 3904 mobilis
328 3863 384 3918 est,
401 3856 432 3908 id
457 3874 520 3911 vero
546 3857 580 3909 ad
599 3858 760 3928 capientium
785 3856 860 3907 illam
880 3872 968 3907 rerum
986 3853 1090 3922 opificia
1106 3848 1275 3906 ineffabilem

191 3920 287 3975 referri
304 3922 394 3977 debet„
412 3926 535 3999 adeoque
555 3930 646 3981 lunam
669 3931 852 3998 inapertantes
869 3926 905 3977 de
925 3942 1013 3977 rerum
1031 3934 1182 3977 nostrarum
1200 3934 1273 3977 stata

193 3999 223 4044 et
241 3991 399 4045 conditione
422 4014 471 4049 nos
496 3999 597 4053 erudiri
623 4002 755 4062 sciamur,
786 4006 817 4049 ut
836 3996 901 4049 binc
915 3996 1011 4047 moniti
1031 3994 1066 4046 de
1083 3996 1165 4048 celeri
1184 4013 1275 4049 rerum

193 4058 372 4115 humanarum
398 4068 537 4121 eversione
563 4070 719 4138 cogitemur.
746 4085 900 4139 quanquam
936 4074 1076 4136 praeterea
1100 4084 1157 4119 non
1179 4084 1275 4137 parum

192 4132 323 4205 prodesse
341 4135 519 4191 mutationem
537 4138 613 4203 illam
629 4141 712 4193 lunae
729 4148 785 4194 tam
804 4139 870 4211 ipris
890 4136 1074 4193 animantibur
1087 4154 1168 4211 quam
1185 4145 1276 4191 uete-
