2742 4617
188 223 271 306 300
519 245 735 312 meamus
762 243 925 310 onucaa

188 399 334 478 περάτεμε
356 395 419 461 ’τόν
439 393 516 460 λαὸν
544 399 720 480 μαχαίραις
740 397 918 478 πετρίναις,
935 394 991 457 κατ’
1009 385 1092 458 οὕτω
1110 395 1166 458 τάν
1182 385 1274 477 Ἰσρο

189 492 285 578 δάνην
305 495 468 580 διάβηθι.”
515 493 533 560 δ
565 492 625 580 γάρ
656 497 781 580 Μωσής
809 495 947 576 περᾶσαι
973 493 1014 556 ou'
1037 489 1271 576 συνεχωρήθη,

187 599 288 659 καίτοι
309 593 407 659 πολλά
434 595 509 678 περὶ
536 592 646 658 τούτου
675 595 733 658 τοῦ
760 595 842 658 θεοῦ
863 595 996 676 δεηθεις.
1048 589 1128 671 μετά
1148 591 1211 674 γάρ
1232 592 1269 654 τά

187 695 323 776 λαλῆσαι
343 693 383 758 τά
404 693 460 779 τῆς
477 693 561 780 ρδδής
578 695 622 780 aqi
641 693 718 778 λσρλ,
736 685 804 756 εἶπε
821 688 901 773 πρδς
920 687 1019 754 odada
1039 689 1056 754 δ
1076 691 1153 765 θεός
1171 688 1273 772 ,εἰνά-

187 796 265 876 βηθι
285 795 330 868 εἰς
345 789 380 856 τὸ
402 785 474 878 ὅρος
495 793 642 874 Ἀβαρίμ.
694 793 786 856 τοῦτο
813 783 888 872 ὅρος
907 793 1026 871 Nudo&
1042 787 1122 854 κατά
1141 786 1303 873 πρόσω-5

188 915 246 956 πον
267 889 409 976 Ἶεριχιδ.
465 889 519 955 καί
549 886 597 954 ἴδε
629 889 684 975 τήν
719 890 779 971 γῆν
807 886 962 970 Χαναάν,
986 889 1048 952 ,καί
1065 886 1217 970 τελεάτα,
1237 885 1273 952 ὃν

188 986 305 1075 τρόπον
332 991 490 1056 ἀπέθανεν
521 989 642 1073 Ἀαρών
675 988 694 1052 ὅ
725 987 862 1074 ἀδελφάς
881 1011 940 1051 uon
968 989 1002 1051 ἐν
1018 981 1080 1071 Ὦρ
1109 991 1153 1076 τῷ
1177 985 1272 1070 ὄρει,

189 1087 273 1153 διότι
293 1085 487 1173 ἠπειθήσατε
507 1088 551 1172 τῷ
571 1086 693 1172 ῥήματά
705 1109 768 1167 μου
788 1084 843 1152 ε’πδ
860 1089 915 1149 τοῦ
937 1080 1054 1160 ὕδατος
1070 1089 1127 1168 τῆς
1146 1085 1274 1151 ‹inrio-

188 1185 295 1268 γιἀς.”
335 1183 385 1252 δτι
410 1189 446 1253 δὲ
465 1187 566 1252 ἐδέετο
587 1189 645 1252 τοῦ
664 1188 743 1250 θεοῦ
763 1187 898 1269 περᾶσαι
915 1181 972 1248 τὸν
988 1181 1175 1268 Ἰορδάνην,
1196 1184 1274 1267 „eni

91 1295 120 1347 Ρ.
134 1285 334 1366 ιὸοδπερεῒδε
366 1284 472 1370 κύριος
495 1287 552 1367 ἐμὲ
580 1289 683 1350 ἕνεκεν
711 1284 819 1366 δμιδν,
848 1281 905 1348 aui
925 1283 982 1346 οδε
1011 1283 1174 1367 εἰσήκουσά
1193 1307 1270 1366 μοο.
1285 1307 1322 1346 ιο

190 1382 244 1450 καὶ
265 1379 332 1450 εἶπε
354 1385 460 1468 κύριος
478 1381 557 1470 πρός
576 1406 615 1466 με
635 1383 815 1449 ἱεανοάοθω
836 1405 907 1465 σοι,
926 1379 971 1468 μή
992 1387 1135 1472 προσθῇς
1147 1379 1197 1448 ἔτι
1214 1389 1273 1447 λα·

89 1491 120 1544 v.
136 1486 284 1568 ιιηλήσαι
304 1481 359 1548 εόν
379 1480 471 1565 λόγον
491 1487 613 1548 τοῦτον.
664 1477 817 1564 ἀνάβαινε
836 1479 897 1566 γάρ
918 1486 964 1558 εἰς
979 1480 1014 1547 τά
1032 1475 1125 1564 ὅρος,
1146 1485 1203 1546 κατ’
1223 1480 1273 1548 ἴδε

189 1589 253 1659 τοῖς
272 1583 468 1669 ὀφθαλμοῖς,
489 1575 540 1646 ὅτι
560 1583 599 1646 οδ
622 1580 760 1668 διαβήσῃ
779 1579 834 1647 τάν
848 1579 1014 1664 Ἰορδάνην
1033 1583 1177 1645 τοῦτον.”
1220 1583 1275 1646 καί

189 1681 227 1744 τά
244 1676 361 1763 δήποτε
382 1679 435 1744 διά
456 1679 574 1764 μικράν
593 1684 808 1764 πλημμέλειαν
819 1679 996 1763 πόρρωθεν
1011 1681 1089 1744 iaso
1108 1677 1126 1742 δ
1147 1683 1274 1763 Μωσής

190 1776 395 1862 προσετάχθη
427 1777 486 1862 τήν
504 1783 576 1864 γῆν,
605 1775 659 1844 edu
679 1779 716 1842 δὲ
736 1777 816 1843 λαὸν
838 1779 1017 1860 εἰσαγαγεῖν
1034 1776 1201 1864 ἐνωλάθης
1223 1779 1274 1842 δι.
1286 1779 1325 1840 15

192 1875 301 1942 δάσιιει
325 1877 409 1961 ἡμᾶς
430 1873 445 1940 δ
463 1873 613 1964 δεσπότης
632 1874 685 1940 διά
712 1876 829 1941 τούτων
849 1875 892 1952 οἷς
910 1877 984 1952 τοὺς
1002 1877 1038 1942 ἐν
1058 1880 1157 1964 άρετῇ
1176 1879 1276 1942 τελεί-

191 1999 247 2053 ους
267 1973 326 2061 τήν
346 1970 447 2062 άιιραν
474 1979 638 2060 άιιρίβειαν
666 1970 817 2040 inarra-
869 1975 910 2056 „d
931 1974 1071 2061 μὲνγὰρ
1093 1974 1275 2059 ε’λάχιστος’”

162 2078 275 2161 Βφησδ
294 2076 392 2162 σοφία
415 2079 614 2158 Σολομῶντος
643 2074 860 2159 „differenda
888 2076 974 2140 εὀτιν
999 2078 1126 2155 ἐλέους,
1147 2079 1278 2141 δυνατοὶ
1325 2073 1331 2081 ’

192 2175 227 2240 δὲ
249 2177 389 2252 δυνατῶς
408 2175 672 2262 δτασθήσονται.”
727 2170 776 2238 ὅτι
796 2176 831 2239 di
851 2177 932 2258 μέγα
953 2173 1040 2254 ἔδοξε
1059 2173 1170 2240 τὸτοῦ
1189 2180 1274 2240 Μισ-

192 2275 272 2349 σέως
293 2271 476 2359 ἁμάρτημα,
499 2273 670 2361 δεδήλωκεν
692 2271 787 2350 αδτός
805 2269 822 2336 δ
843 2271 918 2349 θεὸς
939 2273 1038 2350 οὕτως
1057 2273 1153 2341 εἰπών
1175 2270 1325 2358 „ded-²0

268 2483 305 2534 ¹9·
326 2465 412 2529 ἔδειξε
433 2467 460 2518 Ρ.

194 2637 250 2688 ium
269 2634 362 2688 cultris
381 2635 483 2700 saxeis,
505 2645 587 2708 atque
606 2639 644 2691 ita
661 2639 806 2693 Iordanem
824 2640 968 2692 traiicit0.''
987 2657 1049 2691 nam
1067 2639 1136 2692 bimi
1153 2649 1276 2710 potestas

195 2706 335 2758 Iordanem
361 2707 518 2759 transeundi
548 2709 619 2762 sacia
641 2726 697 2763 non
714 2720 771 2774 esi,
795 2728 948 2782 quanquam
968 2711 1068 2763 crebris
1085 2711 1133 2762 iiie
1149 2711 1276 2780 precibus

195 2776 248 2828 hoc
272 2786 435 2847 exposceret
462 2779 563 2848 quippe
589 2797 649 2832 cum
672 2783 798 2858 carminis
824 2781 903 2833 verba
928 2783 1029 2850 populu
1048 2783 1204 2844 recitasset,
1232 2782 1279 2834 bis

195 2847 285 2900 verbis
311 2865 372 2900 eum
402 2848 468 2901 deus
485 2851 657 2920 compellavit
681 2852 773 2924 (Dent.
794 2855 826 2904 32
847 2853 893 2922 49)
921 2850 1076 2913 „adscende
1103 2852 1132 2904 iu
1155 2861 1278 2912 amntem

196 2918 315 2982 Abarim,
334 2919 381 2988 qui
398 2919 475 2971 Nabo
494 2937 570 2972 mons
589 2931 646 2985 est,
664 2938 679 2972 e
701 2925 810 2992 regione
823 2922 1024 2985 Hierichuntis,
1042 2931 1124 2992 atque
1140 2923 1203 2974 istic
1220 2933 1280 2975 ter-

197 3005 253 3040 ram
265 2989 451 3042 Cbunanaeam
470 2991 583 3043 intuitus
604 3009 717 3058 morere,
736 2992 962 3064 quemadmodum
982 3001 1010 3044 et
1024 2995 1096 3045 baro
1115 2993 1281 3046 fraterintas

197 3060 227 3112 in
243 3059 297 3111 Oro
315 3069 407 3112 monte
424 3071 544 3113 morinus
564 3071 612 3114 est.
637 3067 783 3116 nonenim
802 3063 892 3116 verbis
910 3064 977 3114 meis
993 3063 1029 3114 ad
1045 3081 1141 3134 aquam
1153 3064 1282 3116 adversa·

197 3131 279 3182 tionis
298 3138 326 3183 ei
343 3132 416 3182 rixae
433 3131 513 3182 iidem
533 3131 690 3184 habuistis.”
707 3134 761 3186 iam
779 3134 853 3204 quod
871 3135 1020 3185 obsecrarit
1037 3133 1118 3186 deum
1136 3144 1168 3186 ui
1184 3134 1281 3186 iorda-

198 3217 260 3253 nem
279 3201 433 3264 traiiceret‚
460 3203 518 3270 ipae
537 3203 711 3272 significavit,
733 3223 794 3257 cum
814 3205 918 3257 diceret
934 3205 1079 3274 „equidem
1099 3221 1178 3256 amne
1197 3207 1281 3257 traie-

198 3281 242 3324 cto
269 3272 432 3342 praeclaram
457 3272 533 3324 illam
563 3276 715 3343 regionem,
742 3285 817 3329 mam
840 3275 982 3326 Iordanem
1017 3277 1097 3327 sitam
1130 3277 1282 3327 iutuitnms

198 3359 285 3396 eram:
302 3359 394 3396 rernm
413 3341 480 3396 deus
498 3361 541 3396 me
561 3355 650 3397 vestra
667 3363 748 3399 causa
765 3355 807 3398 est
823 3355 997 3416 aspernatus,
1025 3363 1075 3398 nec
1092 3363 1185 3416 preces
1204 3363 1282 3398 meas

197 3413 324 3466 exaudiit.
339 3413 478 3484 respondit
489 3416 561 3468 enim
574 3417 603 3467 in
615 3414 682 3468 baec
699 3417 781 3470 verba
799 3418 882 3470 mibi:
905 3417 969 3468 satis
987 3415 1039 3468 hoc
1055 3425 1113 3468 esto
1134 3417 1205 3478 tibi,
1221 3416 1282 3470 noli

196 3485 251 3536 talo
270 3484 399 3554 quiddam
419 3487 534 3556 amplius
553 3504 568 3537 a
584 3503 627 3538 me
644 3489 860 3556 petere.‚saliem
877 3489 906 3538 in
925 3496 1045 3539 montem
1063 3487 1137 3538 hunc
1164 3486 1282 3539 adscen-

198 3553 265 3618 dito,
283 3565 310 3608 et
327 3565 424 3608 terram
442 3557 529 3608 oculis
541 3558 594 3609 tuis
611 3558 731 3610 intuere:
742 3577 804 3611 uam
814 3558 954 3610 Iordanem
972 3557 1044 3609 hunc
1064 3575 1120 3609 non
1137 3559 1283 3609 traiicies.”

198 3625 328 3694 quidnam
355 3643 418 3678 vero
444 3643 540 3680 caueae
567 3628 620 3680 suit
636 3631 811 3698 quamobrem
837 3629 873 3679 ob
899 3627 1029 3680 delictum
1047 3630 1172 3749 exiguum
1190 3629 1284 3681 Moses

198 3693 279 3764 longo
297 3696 407 3764 quidem
425 3715 458 3750 ea
473 3699 615 3753 intervallo
635 3708 732 3751 terram
756 3699 858 3750 intueri
878 3700 967 3750 iussus
986 3707 1040 3762 est,
1058 3716 1087 3750 se
1124 3697 1213 3750 eidem
1232 3698 1282 3749 de-

199 3773 325 3832 negatum
342 3785 376 3819 ne
394 3769 526 3840 populum
550 3770 579 3821 in
598 3785 657 3820 eam
681 3769 885 3824 introduceret?
903 3769 1028 3820 nimirum
1044 3785 1093 3839 per
1112 3769 1181 3820 baec
1199 3768 1282 3820 doce-

144 3851 150 3878 ι
201 3849 230 3884 ιο
246 3852 297 3887 nos
315 3836 437 3891 dominus
458 3840 546 3894 voluit
564 3855 592 3892 oe
609 3838 643 3890 ab
661 3841 708 3904 iis,
731 3841 779 3911 qui
797 3841 896 3891 virtute
913 3841 1026 3908 perfecti
1043 3840 1114 3902 siut,
1135 3848 1283 3892 extremam

201 3908 398 3959 accurationem
427 3911 571 3980 requirere.
597 3927 659 3962 nam
683 3913 730 3980 qui
751 3911 916 3980 perpusillus
943 3917 1003 3972 est,
1027 3911 1118 3980 inquit
1140 3910 1281 3980 Sapientia

202 3974 350 4028 Salomonis
373 3979 401 4048 (6
420 3981 463 4048 ς),
487 3983 522 4032 ob
549 3981 759 4032 misericordiam
786 3981 903 4050 quodam
924 3979 1004 4030 modo
1023 3983 1129 4032 reniam
1145 3989 1283 4033 meretur:

202 4054 231 4097 at
250 4047 369 4098 valeniae
388 4050 475 4098 valide
494 4052 713 4118 explanabuntur.
735 4061 763 4103 et
780 4068 842 4102 vero
861 4051 989 4102 delictum
1009 4051 1092 4104 Moris
1111 4053 1205 4119 ingens
1227 4052 1282 4102 sibi

202 4115 288 4170 visum
314 4117 395 4170 fuisse
430 4118 494 4173 deus
516 4121 572 4190 ipse
600 4120 686 4174 verbis
710 4121 752 4174 his
770 4120 915 4174 declararit
942 4121 1093 4184 „arrisscnde
1112 4140 1142 4174 au
1161 4139 1277 4180 morere.
