2742 4617
199 235 257 335 do
534 254 753 325 αιοολοιιε
780 254 944 323 opscus

198 414 379 499 Ξενοφάνης
399 408 454 477 νόν
473 404 562 495 ήλιον
580 411 636 475 καλ
653 408 713 497 τήν
731 410 862 495 σελήνην
880 409 1090 493 πεπνροομόνα
1104 407 1187 495 νόφη
1204 403 1285 495 ἔφη·

197 538 253 579 σιν
271 509 372 595 εἶναι,
398 502 488 576 όλλοι
505 510 546 574 δὲ
568 506 693 593 μύδρον
711 500 734 595 ἢ
752 510 866 590 πέτρον
886 505 1040 592 διάπυρον
1062 502 1170 591 ἔλεγον
1189 499 1282 571 εἶναι.

200 609 358 687 Φιλόλαος
392 612 428 675 δὲ
447 605 574 695 όλσειδή
592 611 700 674 τοῦτον
728 604 915 695 ἐφιλοσόφει
925 657 937 689 ,
958 604 1127 689 δεχόμενον
1148 606 1207 687 μὲν
1226 608 1286 670 τού

198 715 234 777 όν
247 713 289 799 τῷ
306 710 410 797 κόσμρι
437 706 539 791 σορός
553 704 610 793 τήν
627 705 827 790 ἀνταύγειαν,
842 710 1015 791 διηθοῦντα
1029 706 1070 787 δὲ
1089 701 1167 788 πρός
1185 703 1281 791 ἡμᾶς.

197 816 255 877 καί
270 814 371 875 ταῦτα
385 811 444 890 μὲν
456 805 486 872 oi
506 810 602 893 σοφσί
612 804 653 872 τά
665 808 787 891 μάταια
801 810 876 889 περι·
885 810 942 891 τής
953 806 1015 871 τόν
1030 804 1172 888 άστέραν
1185 800 1313 890 eppo-5

197 934 297 993 νησαν
317 905 460 993 φύσεως·
502 904 558 972 τόν
577 902 638 990 γάρ
660 894 792 992 ποιητήν
807 899 914 973 αύεοόν
932 903 1116 991 ἠγνοηκότες
1136 900 1215 968 θεόν
1233 904 1284 968 αι’-

200 1014 272 1075 νίαν
293 1006 437 1093 ἔμφρονα
455 1010 513 1091 τής
532 1010 595 1072 τάν
615 1002 697 1071 όλαν
715 1008 863 1090 γενέσεως
877 1002 1067 1089 προεστάναι
1081 994 1120 1065 ού
1139 998 1284 1084 συνεχά-

197 1132 310 1192 ρησαν.
361 1103 454 1173 ἔνθεν
473 1130 522 1171 τοι
541 1107 598 1171 καί
617 1104 862 1189 άποκλαιόμενος
882 1102 1001 1181 αύτούς
1020 1101 1038 1167 ά
1060 1103 1160 1195 μέγας
1177 1103 1283 1169 Βασά-

198 1214 280 1284 λειος
299 1210 531 1291 κατακριθῆναι
551 1206 634 1288 λέγει
655 1206 709 1269 καὶ
727 1205 822 1270 πλέον
843 1207 904 1269 τῶν
922 1197 1024 1267 όλλιον
1045 1204 1080 1267 ἐν
1098 1200 1202 1290 ήμόρφ
1224 1203 1282 1287 νής

86 1350 102 1362 -
121 1321 187 1375 itm
199 1305 350 1389 κράσεως,
381 1300 429 1370 ότι
459 1298 557 1379 οὕτως
581 1301 637 1383 όξό
659 1300 738 1388 πρὸς
757 1300 797 1367 τά
816 1303 937 1385 μάταια
957 1294 1141 1383 βλέποντες,
1160 1293 1330 1377 ἓκόννοςιο

197 1400 276 1491 πρός
294 1402 351 1489 τήν
370 1404 523 1469 σύνθεσιν
542 1405 596 1486 τῆς
615 1405 766 1487 άληθεάας
787 1399 1072 1488 άπετοφλοόθησαν.

272 1500 352 1569 Ὅσα
372 1504 407 1569 δὲ
434 1500 491 1567 καί
517 1502 593 1586 περί
619 1504 774 1585 μεγέθους
792 1496 1032 1586 ἐφιλοσόφησαν
1057 1500 1117 1565 τού
1134 1521 1170 1565 τε
1188 1494 1281 1582 ήλάοα

195 1606 252 1669 καὶ
270 1607 327 1686 τῆς
346 1601 495 1687 σελήνης,
526 1602 561 1665 αι’
573 1597 638 1685 χρή
660 1601 718 1666 καί
731 1603 848 1684 λέγεινς
870 1600 1114 1683 Ἀναξιλιανδρος
1137 1600 1198 1681 μὲν
1216 1597 1279 1683 γάρ

194 1702 250 1767 καί
265 1702 468 1786 Ἀναξιμένης
480 1697 868 1766 όπτακαινικοσιπλασάινα
879 1703 933 1783 τῆς
946 1701 1004 1782 γῆς
1017 1695 1072 1764 τόν
1090 1693 1181 1783 ήλιον
1201 1695 1281 1783 ἔφη·

194 1826 257 1867 σαν
275 1795 379 1885 εἶναι,
399 1800 611 1884 Ἀναξαγόρας
631 1800 667 1865 di
687 1797 934 1883 Πελοποννήσου
954 1800 1095 1879 μείζονα.
1138 1800 1195 1863 καί
1212 1800 1327 1865 ire-15

194 1924 245 1981 ροι
268 1900 363 1965 πόλιν
381 1902 528 1965 ποδιαῖον
551 1896 608 1964 τόν
626 1902 770 1965 τοιοῦτον
791 1896 973 1984 ἐφρόνησαν
992 1893 1090 1979 ήλιον.
1132 1895 1173 1962 τό
1194 1894 1278 1961 αύεό

193 2002 231 2065 δὲ
251 1998 399 2083 καὶπερὶ
418 1999 548 2084 σελήνης
568 1996 733 2078 διεξιόντες
751 1993 960 2083 εύριόκονται.
1001 1994 1033 2061 οἱ
1052 1999 1112 2077 μὲν
1126 1993 1187 2081 γόρ
1207 1993 1279 2077 μοι’-

163 2103 269 2179 ιιζονα
291 2102 347 2185 τής
366 2102 440 2185 γής,
478 2098 508 2164 οἱ
538 2101 573 2164 δὲ
598 2100 693 2163 πάλιν
713 2094 896 2183 λσόμετρον,
924 2091 1016 2163 ἄλλοι
1039 2101 1076 2163 δὲ
1096 2098 1275 2163 ἐλάσσονα·

195 2202 251 2264 κατ’
267 2203 367 2283 ἕτεροι
382 2196 596 2279 σπιθαμιαύιν
615 2190 697 2262 εἶναι
715 2194 775 2280 τήν
793 2194 925 2281 σελήνην
944 2199 1201 2282 διισχυριζονται,
1223 2199 1279 2263 καί

193 2298 251 2360 cdx
276 2296 482 2379 αἰσχύνονται
502 2300 559 2380 τῆς
578 2298 637 2377 μὲν
656 2295 817 2380 θαλάττης
835 2292 870 2362 νύ
882 2295 984 2378 βάθος
1004 2298 1204 2380 άγνοούννες,
1225 2292 1326 2361 ἔνια

192 2398 238 2461 θα
259 2393 314 2460 καί
341 2393 459 2481 όρμιάν
486 2398 633 2461 καθεῖναι
655 2392 822 2479 δύνανται,
850 2392 886 2461 τό
907 2397 945 2461 δὲ
964 2393 1026 2461 aas·
1048 2398 1105 2482 γής
1124 2388 1204 2482 όχρι
1222 2418 1275 2463 σο-

265 2579 305 2618 rt.
324 2560 463 2621 odrtdsr?
535 2577 577 2616 at.
594 2565 730 2637 μεθεῖναι
748 2562 776 2617 l’.
834 2559 847 2583 '

71 2758 73 2761 -
191 2726 236 2773 tae
259 2717 287 2771 ln
318 2732 419 2769 morem
444 2722 599 2787 compactae
629 2732 663 2770 ex
686 2716 795 2771 oeculie'
814 2716 977 2788 quibusdam
1003 2718 1120 2771 flammae
1140 2726 1273 2775 evomant

190 2786 453 2858 Xenophanes'uero
479 2788 563 2841 solem
585 2804 616 2839 ac
634 2788 726 2841 lunam
751 2804 812 2840 esse
827 2789 915 2843 nubes
932 2790 1030 2859 ignitas
1047 2789 1132 2852 dixit,
1146 2789 1208 2843 eliis
1224 2809 1274 2844 so-

190 2858 313 2912 lentibus
341 2874 400 2911 esae
422 2858 532 2928 globum
553 2858 669 2912 ferreum
694 2858 855 2912 candentem
872 2861 918 2913 uel
935 2878 1028 2913 saxum
1045 2859 1184 2931 quoddam
1202 2862 1275 2931 igni.

191 2938 257 2985 tum.
291 2928 428 2982 Philolaus
445 2930 530 2981 solem
547 2928 719 2983 exisunabu
736 2946 795 2983 cese
806 2932 876 2983 vitro
890 2933 1072 2995 consimilem,
1090 2930 1165 3001 quod
1183 2934 1275 3001 splen·

190 2999 286 3052 dorem
304 3000 373 3067 ignis
390 2998 521 3052 mundani
539 2998 575 3053 ed
594 3016 623 3053 se
644 2999 764 3054 delntmn
781 3001 896 3071 recipiet
913 3010 941 3053 et
958 3004 1036 3074 quasi
1054 3001 1221 3072 percolatum
1238 3002 1275 3056 ad

189 3088 240 3125 nos
258 3070 429 3123 transndttnt
466 3070 520 3123 irae
546 3070 699 3141 sapientum
724 3071 852 3137 illorum,
869 3088 954 3125 vanae
970 3073 1109 3144 proiecto,
1125 3070 1161 3124 d*
1178 3083 1275 3128 natura

189 3141 310 3194 siderum
328 3140 481 3195 sententiae
505 3142 624 3195 inerunt.
647 3158 711 3195 nam
728 3159 789 3195 cum
806 3151 944 3195 auctorem
961 3144 1081 3214 ipsorum
1099 3142 1180 3195 deum
1195 3145 1275 3215 igno-

189 3220 294 3274 rarent,
309 3212 422 3264 minime
443 3212 631 3266 concedebant
648 3230 755 3267 causam
778 3213 914 3286 quandam
933 3215 1047 3267 rationis
1066 3221 1094 3268 et
1110 3212 1274 3284 prudentiae

188 3282 349 3352 participem
373 3283 446 3335 onai
477 3298 566 3335 rerum
591 3298 650 3336 esse
674 3283 890 3356 praeficiendam.
920 3301 976 3355 quo
994 3286 1027 3339 iit
1044 3294 1076 3339 ut
1093 3286 1207 3338 Basilius
1223 3287 1274 3339 ille

187 3368 298 3421 magnus
319 3369 365 3405 eos
383 3353 528 3423 deplorans
545 3355 665 3408 futurum
683 3363 714 3409 ut
730 3358 814 3427 magis
830 3357 860 3408 in
880 3355 924 3407 die
944 3356 1042 3409 iudicii
1058 3355 1275 3411 condemnentur

188 3440 271 3493 quam
289 3424 337 3479 elii
357 3422 440 3489 dicut,
458 3424 534 3495 quod
554 3434 608 3479 tum
626 3434 735 3481 acutum
753 3428 867 3479 edvane
883 3436 1025 3481 cernentes
1043 3435 1141 3499 sponte
1158 3445 1207 3481 sus
1224 3444 1273 3483 ve-

186 3494 276 3549 ritatis
295 3494 326 3548 in
338 3496 561 3567 pervestigatione
579 3499 780 3551 caecutiverlnt.

257 3566 313 3618 Iam
330 3581 394 3620 sero
422 3582 503 3637 quam
528 3567 614 3619 multa
641 3568 726 3619 iidem
753 3568 788 3619 de
815 3565 1004 3635 magnitudine
1034 3572 1090 3620 tam
1107 3568 1172 3619 solis
1189 3584 1273 3637 quam

186 3632 269 3685 lunae
288 3637 459 3691 commentati
478 3638 541 3701 sint,
561 3636 628 3708 quid
647 3640 747 3691 attinet
762 3637 990 3691 commemorare?
1024 3637 1224 3693 Anaximander
1244 3649 1275 3694 et

185 3704 364 3761 Anaximenes
392 3708 477 3765 solem
501 3714 571 3761 terre
594 3709 677 3761 vicies
703 3726 735 3761 ac
752 3708 853 3778 septies
879 3709 1011 3761 maiorem
1038 3724 1096 3760 ease
1123 3708 1272 3775 dixerunt,

186 3774 357 3844 Anaxagoris
376 3780 506 3832 maiorem
523 3780 710 3849 Peloponnen:
739 3780 788 3831 alii
802 3784 865 3831 'curn
885 3779 965 3850 pedis
982 3780 1063 3832 unius
1079 3779 1134 3847 ipsi
1151 3778 1274 3849 longitn-

188 3845 281 3897 dinem
299 3845 448 3915 haberent,
463 3858 569 3903 tantum
588 3852 670 3905 etiam
688 3850 774 3903 solem
792 3866 852 3902 esse
871 3851 1024 3902 voluerunt
1042 3848 1136 3901 eadem
1152 3850 1191 3902 ‘de
1206 3852 1273 3903 luna

186 3930 299 3986 quoque
322 3917 422 3971 tradita
449 3922 629 3991 reperiuntur.
648 3922 759 3975 luerunt
785 3922 858 3972 enim
883 3920 1011 3973 nonnulii
1035 3921 1084 3988 qui
1113 3938 1172 3973 eam
1199 3931 1272 3974 terra

186 3986 315 4039 maiorem
333 3987 461 4053 iacerent,
479 4009 537 4043 cum
551 3993 600 4044 alii
613 4010 705 4063 parem
723 3993 863 4060 utriusque
882 3988 1097 4059 magnitudinem
1110 4000 1271 4056 statuerent,
1311 4003 1315 4008 “

185 4056 234 4108 elii
253 4064 324 4110 terra
344 4058 489 4123 minorem,
508 4063 556 4115 alii
577 4064 725 4133 palmarem
744 4064 832 4117 solum
851 4078 909 4114 esse
930 4061 1128 4116 coutimrarent.
1145 4064 1271 4133 adeoque

188 4142 244 4185 noa
264 4128 378 4187 teritum
406 4137 448 4185 cat
475 4146 521 4185 eos
546 4134 759 4204 profunditatem
784 4133 866 4189 maris
895 4133 1065 4205 ignorantes,
1090 4151 1162 4209 quae
1178 4143 1270 4189 umen
