2742 4617
189 277 267 391 ¹7⁸
512 302 728 370 urcunmrs
760 271 927 366 etrele

178 458 325 542 έποέηστν
345 449 452 520 αδτόν.
473 451 584 541 προέτη
597 459 721 540 ποίησις
742 449 844 540 αὕτη,
865 449 951 536 ἇπλῆ
960 499 971 532 ,
992 443 1116 532 ἄζυγος,
1139 439 1273 533 ἄφθαρ-

178 578 252 633 τος·
295 553 377 640 πρὸς
404 549 444 638 ἢν
466 556 505 640 δη
529 556 655 638 ποκἠσιν
682 550 791 642 οἷ’φορᾷ
813 555 868 620 κατ’
888 547 909 636 ἧ
930 551 993 617 τοῖν
1014 544 1171 630 σωμάτων
1191 543 1274 610 ἄνοι’.

178 657 315 731 στασις.”
367 652 423 718 καί
449 656 486 720 τι’
513 652 578 739 χρὴ
597 639 708 719 ’πολλὰ
735 655 855 738 λέγεινς
883 652 904 736 ἦ
932 655 966 716 έν
1000 647 1194 731 εὐαγγελίοις
1211 649 1275 710 rosi

179 751 387 836 πλανωμένου
424 754 586 837 προβάτου
620 752 787 838 παραβολή
825 754 881 818 καί
908 749 929 836 ἦ
962 752 1021 834 τῆς
1053 747 1275 830 ἀπολλυμένης

152 850 331 930 εῶσαὺτως
351 854 498 937 δραχμῆς
521 850 622 936 adripe
641 851 888 939 ’δπεμφαένουσι
910 851 1034 924 πάντως
1055 844 1114 932 τήν
1135 850 1195 910 τοῦ
1215 843 1303 918 ris-5

179 951 312 1039 θρωπου
334 950 389 1016 κατ’
409 949 528 1036 πλάνην
548 952 604 1018 κατ’
622 949 780 1018 ἔκπτωσιν
800 953 854 1039 κατ’
876 948 935 1035 τῆν
959 951 1005 1025 εἷς
1027 945 1063 1012 τό
1087 944 1183 1012 πάλιν
1204 945 1274 1010 ε’πι-

180 1050 326 1140 στροφην
351 1051 408 1116 κατ’
436 1048 620 1134 ἀνάκλησιν.
668 1051 724 1116 ins*
753 1046 852 1138 τούτῳ
880 1047 941 1133 γὰρ
971 1051 1026 1114 κατ’
1046 1045 1153 1122 κλίνας
1175 1046 1276 1130 οὐρα-

179 1151 254 1228 νοδς
275 1149 293 1216 si
315 1147 389 1224 θεὸς
405 1154 603 1234 καταβέβηκα
624 1154 680 1216 κατ’
699 1143 870 1234 ἅνθρωπος
890 1152 1029 1232 γέγονεν,
1053 1147 1105 1212 ἵνα
1123 1142 1200 1221 roric
1223 1145 1276 1208 έκ-

179 1251 333 1326 πεσόντας
360 1249 447 1332 ἡμᾶς
474 1251 529 1314 έπλ
558 1246 614 1335 την
634 1239 776 1333 ἇρχαέαν
796 1249 852 1313 κατ’
871 1249 999 1332 πρωτην
1019 1244 1202 1332 έπαναγιέγη
1226 1268 1277 1308 τι-

180 1349 254 1435 μήν.
294 1350 350 1414 κατ’
369 1346 433 1432 γοὶρ
456 1350 488 1413 εἰ
505 1345 551 1432 μη
572 1350 663 1413 τοῦτο
686 1339 734 1431 ἦν,
757 1348 816 1412 oris
837 1340 876 1412 δν
897 1339 1130 1429 έπιστρέψαςδ
1154 1337 1277 1420 ἄσωτος
1290 1373 1329 1416 10

181 1444 315 1536 ἤκουσεν
334 1447 510 1531 ,ἐνδύσατε
533 1442 629 1512 oriris
649 1443 708 1531 την
729 1446 854 1534 πρωτην
876 1442 1016 1530 ‹rsolp'n'¹

264 1551 306 1615 Et
333 1551 369 1614 δὲ
402 1548 457 1612 καὶ
483 1548 616 1630 λέγουσι’
641 1569 724 1622 τινος
755 1548 937 1630 πλασθῆναι
955 1543 1014 1625 μέν
1035 1540 1196 1610 ἀθάνατον
1215 1541 1279 1608 ini

182 1654 266 1716 θεοῦ
285 1647 341 1714 τδν
360 1646 474 1728 Ἀδάμ,
496 1642 631 1729 δυνάμει
649 1649 685 1711 δὲ
705 1644 824 1730 θνητὸν
841 1641 933 1726 εἶναι,
954 1646 1094 1709 τουτέστι
1117 1642 1280 1708 δυ’νασθαι

185 1745 356 1833 θνητότητι
378 1756 557 1831 περιπεσεῖν
578 1743 691 1828 αὐτόν,
718 1744 781 1828 εἴγε
800 1743 846 1830 μὴ
874 1744 977 1831 φύλαξ
1000 1746 1120 1808 ε’σεῖται
1143 1747 1199 1828 τῆς
1224 1746 1280 1808 δο-

153 1854 298 1933 ὓθείοης
318 1846 403 1936 αὐτῷ
439 1848 583 1931 ἐντολῆς,
612 1846 774 1928 δεχόμεθα
802 1849 862 1927 μὲν
890 1843 946 1908 τὸν
967 1839 1060 1929 λόγον
1080 1843 1186 1908 αὐτῶν
1211 1845 1332 1929 (ssi-15

186 1951 383 2032 παραδεκτος
410 1943 472 2033 γὰρ
506 1941 710 2027 alsasense,
742 1947 798 2010 καί
821 1943 962 2028 μάλιστα
986 1955 1052 2020 τοῖς
1080 1941 1126 2030 μὴ
1149 1945 1284 2008 θέλουσι

186 2059 258 2125 ταῖς
280 2050 344 2113 τῶν
369 2046 469 2130 οἷγίων
498 2049 643 2131 πατέρων
673 2043 867 2128 &epatium
886 2049 1062 2132 γραφαῖς),
1091 2039 1227 2126 πάσχειν
1247 2045 1285 2106 δέ

188 2146 270 2224 δλως
292 2147 400 2227 αὐτόν,
420 2149 580 2214 τουτέστιν
595 2147 651 2235 οἵῳ
668 2144 709 2230 δη’
729 2171 790 2210 τινι
811 2150 935 2232 φυσικῷ
954 2143 1049 2210 πάθει
1063 2143 1124 2228 πρό
1145 2147 1200 2229 τῆς
1220 2167 1286 2206 τια-

189 2246 354 2330 ραβάσεως
382 2247 592 2327 ὑποκεῖσθαι,
619 2247 765 2326 ου’δαμοῦ
798 2248 887 2310 τοῦτο
911 2241 1174 2328 καταδεχόμεθα.
1216 2245 1285 2317 πῶς

188 2341 270 2429 γοὶρ,
296 2341 331 2409 εἴ
345 2346 381 2428 γέ
401 2368 470 2408 τινα
502 2348 567 2410 τοῖν
596 2339 694 2427 cirsion
719 2346 866 2426 πατέρων
895 2341 1040 2408 τοιοῦτόν
1060 2369 1092 2408 τι
1122 2341 1197 2426 περὶ
1225 2341 1337 2411 susino

189 2443 319 2528 πρώτου
346 2440 520 2526 ἄνθρωπον
551 2440 709 2521 διεξιόντα
743 2443 805 2525 οδχ
824 2435 981 2527 sinopses,-
1004 2445 1124 2522 μᾶλλον
1144 2445 1202 2524 μὲν
1226 2433 1286 2504 οδν

191 2544 306 2629 deasq·
333 2546 461 2628 λέγουσι
489 2540 546 2608 τόν
569 2545 713 2607 τοιοῦτον
742 2536 844 2625 εἶναι,
875 2544 931 2607 καί
965 2543 1155 2624 σωματικῶν
1173 2540 1286 2606 ποσῶν

194 2839 269 2894 fecit.
289 2838 357 2891 haec
373 2839 460 2909 prima
475 2838 593 2892 hominis
612 2841 713 2892 creatio
738 2840 805 2904 tuit,
823 2841 951 2910 simplex,
972 2855 1065 2908 expers
1083 2837 1220 2906 coniugii,
1238 2853 1287 2889 sa.

194 2927 257 2982 pers
275 2911 417 2975 interitum
447 2909 483 2961 ad
514 2927 596 2980 quam
623 2913 787 2964 creationem
815 2928 955 2980 corporum
976 2910 1137 2961 resurrectio
1158 2909 1287 2977 respicit,

195 2983 238 3034 nti
259 2997 329 3052 quae
346 2982 382 3034 sit
400 2981 534 3050 lapsorum
557 2979 592 3032 ad
612 2983 726 3050 pristina
750 2983 875 3034 reversio.
895 2980 961 3050 quid
980 2981 1064 3032 multa
1084 2979 1198 3049 proferri
1218 2997 1289 3048 opus

195 3051 258 3104 est?
279 3052 401 3122 exposita
420 3052 450 3103 in
469 3051 619 3120 Evangeliis
635 3053 711 3118 (Luc.
736 3053 764 3103 15
785 3055 812 3124 8)
832 3052 866 3103 de
888 3068 937 3102 ore
956 3050 1097 3102 aberrante
1120 3050 1289 3115 similitudo,

198 3121 350 3192 itidemque
364 3123 450 3174 altera
466 3121 502 3174 de
521 3122 645 3174 drachma
663 3121 779 3192 perdite,
800 3139 907 3192 prorsus
925 3124 1010 3191 ipsam
1028 3120 1143 3172 hominis
1163 3129 1216 3171 tam
1237 3119 1290 3172 de-

200 3196 364 3246 errationem
382 3201 466 3262 atque
485 3193 590 3262 lapsum
607 3211 688 3263 quam
708 3193 743 3244 ad
761 3193 901 3262 pristinum
920 3203 1019 3244 statum
1037 3191 1217 3244 reversionem
1238 3190 1292 3242 de-

200 3265 310 3316 clarant.
331 3280 392 3315 nam
410 3263 486 3314 illam
506 3264 543 3316 ob
560 3281 667 3316 causam
679 3265 781 3316 relictis
800 3265 882 3316 coelis
901 3261 967 3314 deus
985 3265 1013 3315 in
1031 3273 1129 3315 terram
1147 3261 1294 3314 descendit

200 3344 230 3386 et
255 3334 337 3386 lsomo
366 3333 454 3386 iactus
477 3344 533 3397 est,
550 3343 583 3388 ut
600 3352 666 3399 nos,
685 3337 732 3404 qui
759 3335 829 3405 lapsi
849 3351 971 3397 eramus,
990 3333 1024 3385 nd
1040 3335 1183 3404 pristinum
1205 3331 1293 3383 adeo-

201 3420 256 3476 que
273 3407 387 3474 primurn
418 3404 496 3455 illum
515 3404 815 3458 honoremreduceret.
836 3407 993 3476 caeteroqui
1012 3421 1130 3456 resersus
1149 3403 1222 3454 filius
1241 3404 1293 3455 ille

200 3474 329 3548 prodigus
348 3476 422 3540 (Luc.
444 3477 474 3527 15
487 3478 534 3547 aa)
554 3494 610 3529 nou
629 3476 750 3528 audisset
768 3475 894 3540 „induite
914 3477 1001 3546 ipsum
1018 3477 1107 3546 priore
1124 3474 1219 3528 stola.”

272 3545 380 3616 Quodsi
403 3547 450 3618 qui
477 3545 573 3598 dicunt
590 3547 721 3600 ddamum
745 3547 855 3617 quidem
873 3565 889 3596 a
908 3546 961 3598 cleo
980 3547 1119 3599 conditum
1137 3545 1221 3598 fuisse
1240 3544 1293 3596 im·

202 3617 362 3682 mortalem,
383 3635 475 3668 verum
503 3616 680 3670 nihilomiuus
698 3619 781 3670 talem
799 3618 933 3670 exstitisse
951 3619 999 3688 qui
1016 3618 1136 3669 mortalis
1155 3631 1213 3668 esse
1228 3633 1293 3685 pos-

203 3695 262 3748 set,
288 3685 341 3738 lroc
361 3697 403 3740 est
420 3689 467 3758 qui
483 3689 642 3741 mortalitati
658 3697 750 3759 posset
778 3688 914 3740 obnoxius
930 3687 1007 3750 fieri,
1026 3687 1161 3758 siquidem
1181 3685 1295 3738 manda-

204 3763 263 3807 tnm
289 3757 342 3808 sibi
370 3759 566 3828 praescriptum
589 3777 646 3812 non
670 3759 841 3822 observaret,
870 3758 941 3810 hanc
965 3775 1014 3810 nos
1039 3758 1149 3829 quidem
1174 3759 1295 3828 ipsorum

204 3827 356 3878 orationem
384 3829 568 3893 admittimus,
594 3839 676 3900 atque
695 3829 803 3882 admitti
829 3847 907 3899 posse
928 3829 1066 3892 videatur,
1085 3831 1241 3899 praesertim
1262 3829 1296 3879 iis

205 3895 256 3966 qui
286 3897 367 3949 altius
387 3915 521 3953 sacrorum
547 3910 653 3970 patrum
678 3901 776 3970 scripta
793 3903 974 3970 pervestigare
999 3900 1111 3952 nolunt:
1130 3915 1185 3950 nou
1204 3909 1296 3950 tamen

206 3983 272 4022 eum
298 3968 443 4036 quicquam
471 3970 555 4022 fuisse
576 3988 698 4040 passum,
729 3971 758 4022 id
781 3980 823 4024 est
850 3971 902 4024 ulli
922 3971 1069 4024 adlectioni
1094 3969 1211 4023 naturali
1230 3979 1296 4022 ante

205 4039 443 4105 transgressionem
472 4041 624 4092 subiectum
652 4042 754 4106 fuisse,
780 4042 960 4096 concedimus.
1014 4059 1050 4094 uo
1080 4043 1152 4094 euim
1170 4039 1198 4091 id
1216 4049 1296 4110 pacto

206 4107 436 4159 concederemus?
459 4125 530 4175 rrsrm⁴
546 4111 602 4161 tale
626 4111 755 4180 quiddam
785 4113 818 4164 de
836 4114 937 4166 Adnmo
955 4059 1083 4166 uallium
1103 4111 1137 4164 ab
1158 4110 1216 4162 ullo
1234 4129 1297 4162 san-

207 4188 312 4232 ctorum
328 4185 435 4250 patrum
454 4196 587 4250 nusquam
604 4184 777 4251 reperiamus
795 4185 863 4256 quin
879 4186 971 4256 potius
988 4188 1065 4238 aiunt
1081 4201 1143 4236 eum
1163 4181 1299 4234 adlectio-
