2742 4617
423 275 637 344 uuuuuou
675 279 780 344 runs
807 283 834 342 ι.
1096 290 1175 377 127

85 433 149 498 λοά
168 429 223 499 καί
244 433 358 497 πείθου
382 430 427 519 τῷ
445 429 685 515 χρυσορρήμονι
700 431 827 518 Ἰωάννη
850 432 934 520 ἕκτῇ
952 430 1064 518 cleeris
1086 433 1179 526 ἱξαῆ.

83 554 184 618 μερον
204 530 365 619 δωδεκάτη
385 530 497 594 ὀυ’τοῦ
526 527 636 619 όμιλάρ
655 534 776 614 λέγοντι
792 525 861 612 „irs
885 535 948 597 τοῖν
966 531 1048 600 κατά
1070 559 1212 610 cuno-1)

81 630 162 713 μιίιν
177 627 407 718 ἱστορηθέντων
425 626 603 715 ἔμπροσθεν
616 627 895 715 άνακεφσλαιόισιν
913 641 1003 699 ποιεῖ
1018 633 1035 700 ό
1054 639 1180 725 Μωσῆς

81 726 234 818 ὕστερον,
261 732 397 797 τοιαῦτα
429 729 486 793 καί
505 736 635 815 φρονεῖν
653 731 710 794 καί
726 733 827 813 λέγειν
846 727 923 807 eosic
942 733 1178 822 ἁπλουστέρους

54 833 258 918 5ἒπσιήσεν.”
306 823 411 905 άλλως
429 851 463 895 τε
482 830 514 894 εἰ
530 826 610 911 μετά
641 827 699 914 την
719 823 873 916 ἑβδόμην,
891 827 935 908 die
956 857 1074 920 φασιν,
1095 833 1177 903 ἔκτι-

80 957 156 998 σται
176 931 197 996 δ
217 927 420 1016 παράδεισος,
444 928 565 1014 α’νάγκη
581 929 670 994 πάσα
690 933 747 995 κατ’
761 927 820 1014 τὴν
842 924 905 996 άπὸ
920 937 980 998 τοῦ
997 935 1077 1018 χσός
1095 934 1176 1002 πλά-

49 1041 54 1054 ’
80 1056 135 1098 σιν
164 1034 224 1096 τοῦ
239 1027 361 1112 Ἀδάμ,
389 1024 497 1115 άσπερ
524 1028 562 1113 δη
591 1027 649 1094 κατ’
672 1027 731 1113 τὴν
752 1028 815 1096 άπό
845 1034 984 1117 πλευράς
1013 1039 1070 1121 τῆς
1089 1029 1185 1117 Εὔας

81 1125 272 1215 οἰκοδομήν,
298 1128 378 1212 μετά
398 1125 455 1214 τὴν
483 1124 623 1213 ἑβδόμην
649 1130 748 1194 εἰπεῖν
769 1134 965 1217 γεγενῆσθαι.
1007 1138 1090 1214 κε’νος
1108 1141 1175 1204 ivs.

81 1253 156 1312 κενς
189 1223 238 1296 ότι
267 1226 324 1296 καί
350 1221 469 1313 ταότην
497 1223 628 1314 ὕστερον
655 1228 674 1292 ό
708 1233 858 1314 Μωσῆς,
886 1223 985 1316 η’γουν
1010 1234 1091 1316 μετά
1120 1235 1258 1324 rioms

36 1327 242 1415 ισέβδόμην,
264 1330 470 1414 διηγούμενος
487 1321 632 1413 εδρηται.
657 1325 718 1413 πρό
738 1329 795 1395 roei
815 1330 920 1413 Ἀδάμ
940 1332 1051 1400 λοιπόν
1074 1334 1091 1401 ό
1113 1363 1176 1403 πα·

78 1431 239 1513 ραδεισος.
280 1431 338 1494 καλ
355 1422 452 1490 ἄκουε
470 1430 506 1493 τι’
524 1449 622 1513 φησιν
644 1423 662 1490 ό
683 1427 895 1512 Δαμασκηνός
912 1429 1057 1520 Ἰωάννης
1075 1437 1110 1502 ἐν
1129 1429 1175 1526 τῷ

78 1527 160 1615 περὶ
177 1525 373 1613 παρσδειόσυ
401 1527 565 1617 κεφαλαίῳ
584 1529 695 1594 adsui.
743 1527 835 1610 ,ἐπεὶ
857 1531 893 1594 δὲ
913 1527 1040 1613 ἔμελλεν
1061 1533 1079 1600 o‘
1099 1532 1246 1625 θεόςΜη

78 1633 117 1707 ἐξ
138 1627 274 1713 σὀράτου
295 1649 332 1693 τε
351 1631 409 1692 καί
425 1625 540 1712 ὁρατῆς
570 1625 698 1715 φάσεως
717 1634 945 1713 πλαστουργεΐν
965 1631 1019 1697 τόν
1044 1625 1170 1720 άνθροο-
1247 1677 1250 1686 ‚

77 1753 142 1794 πον
162 1737 228 1792 κατ’
248 1731 366 1794 susim
385 1723 491 1793 εἰκόνα
505 1749 538 1793 τε
560 1729 616 1792 καί
634 1725 797 1809 ὁμοίωσιν,
819 1721 924 1814 ὥσπερ
946 1729 1017 1796 τινά
1036 1737 1171 1815 βασιλέα

32 1821 224 1913 ιὸάρχοντα
247 1827 349 1911 πόσης
368 1829 425 1912 τῆς
437 1830 495 1911 γῆς
516 1829 572 1891 κατ’
589 1829 652 1892 τῶν
666 1829 703 1891 ἐν
723 1820 822 1913 αὐτῇ,
844 1833 1091 1914 παρακαθίστησιν
1111 1833 1171 1898 ου’-

77 1931 124 2018 τρῖ
144 1922 215 1995 οἷόν
232 1950 264 1993 τι
281 1929 443 2009 βασιλεεον
460 1923 517 1992 τόν
538 1921 740 2011 παράδεισον,
762 1921 806 2004 σός
819 1929 965 1993 ἐντεῦθεν
986 1928 1084 1996 αὐτόν
1107 1957 1171 2013 μα-

80 2033 199 2114 καρίαν
229 2030 287 2093 καί
311 2028 485 2108 πανολβίσν
512 2021 599 2108 ἔχειν
621 2023 734 2107 ζωήν.”
783 2024 922 2109 πρόσεχε
942 2020 1017 2094 οὖν·
1061 2031 1169 2116 ἐπειδὴ
1246 2079 1257 2110 ,

79 2131 153 2211 γάρ,
173 2125 219 2202 σός
239 2124 381 2212 εἴρηται,
400 2123 463 2208 πρό
488 2129 547 2190 rosi
574 2126 761 2208 πλασθῆναι
780 2122 834 2190 τόν
854 2124 959 2210 Ἀδάμ
981 2129 1169 2214 καθίστησιν

80 2220 171 2316 ederi
188 2223 246 2290 τόν
266 2224 474 2311 παράδεισον,
497 2221 631 2310 εὔδηλον
647 2221 773 2302 πάντας
793 2218 842 2291 ότι
861 2227 896 2290 ἐν
914 2228 955 2314 τῇ
975 2229 1048 2316 ἕκτη
1067 2223 1169 2317 ἡμέρᾳ

34 2325 138 2404 ,0καί
163 2328 276 2390 τοῦτον
305 2325 481 2412 ἐφόνευσεν
508 2323 527 2388 o‘
554 2320 647 2407 θεός,
674 2321 738 2407 εἴγε
766 2326 823 2390 καί
852 2328 972 2406 μᾶλλον
997 2322 1073 2412 ἔστη
1091 2327 1170 2410 μετά

80 2423 140 2510 τὴν
164 2419 305 2509 ἑβδόμην
331 2429 391 2490 τοῦ
421 2428 640 2511 δημιουργεῖν,
669 2419 714 2502 ὥς
734 2423 753 2488 ό
777 2426 919 2512 χρυσοῦς
947 2422 1006 2510 τήν
1032 2426 1170 2510 γλῶττάν

83 2547 177 2611 φησι.

81 2833 229 2886 sententia.
264 2828 398 2882 iohannes
415 2831 618 2898 Chrysostomus
637 2831 788 2884 erudiendus
806 2839 847 2886 est
865 2832 933 2896 tihi,
961 2835 1051 2905 quiin
1069 2836 1169 2888 oratio-

80 2923 118 2958 ne
139 2903 175 2958 de
207 2918 255 2954 sex
283 2901 390 2954 dierum
421 2903 549 2972 operibus
572 2903 623 2954 xn
647 2902 717 2955 dicit
735 2905 837 2956 Morem
867 2921 976 2968 eorum,
1001 2921 1071 2976 ροσε
1089 2915 1170 2958 antea

81 2982 332 3035 commemorasset,
350 2991 481 3025 summam
497 2973 625 3026 brevibus
644 2971 746 3026 deinde
759 2975 999 3045 complectentem,
1020 2977 1170 3047 simplicio·

81 3047 158 3100 ribus
174 3045 344 3098 occasionem
361 3044 517 3113 praebuisse
535 3051 568 3096 ut
591 3043 749 3098 huiusmodi
773 3047 930 3115 opinionem
949 3047 1100 3118 arriperent
1127 3055 1169 3102 at-

80 3135 137 3190 que
162 3117 325 3187 proferrent
349 3131 411 3166 anm
440 3115 614 3186 caeteroqui,
642 3115 666 3167 si
689 3124 751 3186 post
779 3115 850 3169 diem
876 3117 1037 3188 septimum,
1069 3125 1102 3171 ut
1117 3119 1169 3189 ipsi

79 3191 197 3253 solunt,
220 3187 361 3257 paradisus
387 3195 431 3240 est
456 3187 597 3252 conditus,
621 3189 732 3240 omuino
755 3187 877 3240 dicemus
898 3205 1007 3240 necesse
1030 3195 1071 3242 est
1085 3191 1169 3242 etiam

81 3261 179 3312 idsmi
199 3259 235 3312 de
255 3258 367 3330 pulvere
388 3259 593 3325 formationem,
610 3257 732 3329 itemque
750 3267 908 3312 structurum
929 3261 1002 3312 Evae
1020 3259 1055 3312 de
1072 3259 1170 3312 Adami

81 3340 171 3393 costa,
200 3339 264 3400 post
292 3329 410 3382 eundem
437 3331 582 3401 septimum
611 3328 683 3381 diem
714 3331 828 3414 primum
858 3331 964 3390 facum.
992 3329 1170 3452 quamobrem

81 3402 173 3455 istnc?
193 3402 260 3472 quia
277 3401 366 3453 Moses
386 3401 456 3454 hanc
482 3417 591 3472 quoque
619 3410 775 3471 posterius,
795 3400 826 3453 id
847 3408 889 3454 est
904 3407 967 3472 post

80 3489 169 3534 mnm,
190 3478 290 3524 namet
311 3470 427 3542 proinde
452 3473 588 3542 reliquum
611 3479 653 3523 est
676 3472 832 3541 paradisum
857 3479 921 3524 ante
944 3470 1076 3524 Ademnm
1109 3487 1169 3524 esse

80 3544 231 3596 conditum.
260 3551 290 3594 et
320 3543 402 3606 audi,
423 3542 557 3608 obsecro,
582 3543 650 3615 quid
673 3542 809 3596 Iohannes
830 3541 1011 3596 Damascene·
1032 3542 1169 3614 incapite

79 3614 156 3684 quod
170 3613 208 3666 de
225 3613 352 3698 paradiso
364 3614 432 3666 incri
452 3615 489 3666 sit
504 3613 585 3666 dicat
606 3615 671 3686 quin
690 3613 771 3679 deus,
788 3614 893 3685 inquit,
909 3612 1046 3666 hominem
1063 3629 1097 3666 ex
1118 3629 1169 3666 na-

78 3693 142 3736 tura
162 3693 262 3755 partem
280 3684 409 3755 inadspec
457 3685 489 3736 iii
508 3687 605 3753 partim
623 3685 804 3756 adspectubiii
819 3693 955 3742 creaturus
971 3684 1007 3736 ad
1023 3685 1168 3755 imaginem

79 3755 344 3826 similitudinemque
361 3772 437 3808 suam
456 3763 528 3820 erut,
546 3757 625 3826 qussi
643 3754 780 3827 quendam
799 3771 889 3826 regem
918 3763 1000 3825 atque
1016 3757 1168 3827 prinoipem

78 3828 165 3878 totius
191 3835 281 3880 terrae
302 3843 334 3878 ac
352 3843 444 3878 eorum
461 3843 532 3896 quae
549 3836 620 3880 terra
639 3829 831 3890 continentur,
857 3825 1011 3896 paradisum
1037 3828 1063 3878 ei
1081 3825 1169 3878 veluti

79 3899 178 3965 regiam
196 3897 335 3967 quendam
356 3897 516 3967 praestruit,
538 3907 570 3950 ut
594 3901 622 3950 in
639 3915 672 3951 eo
692 3898 800 3951 beatem
821 3915 852 3948 ae
880 3896 1060 3949 felicissimum
1082 3899 1168 3950 vitam

78 3977 179 4036 ageret.
213 3969 253 4020 ita
275 3983 310 4019 ue
339 3967 406 4021 iicet
435 3968 663 4034 animadvertere,
692 3969 767 4039 qnod
802 3985 862 4019 cum
889 3975 952 4018 ante
978 3968 1167 4020 formationem

78 4039 175 4090 Adami
188 3983 344 4107 paradisum
356 4039 537 4100 exstruxerit,
560 4041 704 4091 manifesto
722 4047 851 4109 sequntur
867 4055 927 4090 eum
947 4039 992 4090 die
1010 4049 1085 4091 sesto
1102 4053 1168 4088 cou-

79 4109 161 4160 situm
180 4126 197 4160 a
209 4108 264 4162 deo
282 4109 375 4172 fuisse,
392 4110 548 4180 praesertim
567 4127 627 4161 curu
641 4110 729 4162 multo
746 4109 830 4176 magis
849 4109 990 4180 eseptimo
1008 4109 1061 4172 die,
1074 4123 1167 4178 quem·

79 4179 227 4232 admodum
240 4179 315 4234 idem
333 4190 424 4234 orator
439 4197 535 4234 eureus
553 4180 655 4245 tradit,
673 4197 763 4234 creare
783 4179 901 4232 desierit.

1014 3401 1066 3452 iem
1084 3403 1169 3471 septi-
