2742 4617
155 282 229 343 vm
513 280 652 347 musar
682 278 915 347 uantctrso.

152 440 325 515 grassatur,
344 432 393 495 Tu
413 434 579 497 constituta
601 455 677 517 pace
698 443 730 497 et
748 434 922 519 languentes
944 454 981 497 ae
1000 453 1102 518 prope
1120 434 1233 497 mmin-

152 532 246 595 ninaes
269 531 384 595 litteras
405 534 560 615 excitasti,
582 542 614 597 ct
640 534 782 617 neglectis
802 555 838 596 ac
857 534 952 597 veluti
970 534 1110 617 profugis
1130 534 1233 597 virtu-

152 632 233 695 tibus
253 633 411 715 Europam
434 654 556 697 omnem
576 634 662 719 quasi
686 634 835 717 templum
856 633 982 717 aliquod
1002 634 1167 717 aperuisti,
1201 634 1234 694 in

154 750 218 815 quo
240 731 345 815 quiete
366 732 507 817 deinceps
528 754 564 795 ac
586 732 706 816 placide
725 734 913 797 colerentur.
935 742 967 795 et
985 732 1111 795 babebit
1131 742 1234 795 tamen

155 829 188 890 iu
209 829 261 891 illa
280 832 504 915 tranquillitate
525 831 626 893 hostes
647 854 717 895 suos
732 834 853 917 religio,
872 834 972 894 minus
988 832 1113 917 quidem
1126 834 1236 895 tumn.

155 935 199 991 tes
220 928 382 1009 audacter,
413 930 467 993 scd
488 954 550 995 non
573 933 672 993 minus
702 930 821 995 idcirco
841 932 1037 996 metuendos:
1060 931 1187 994 habebit
1204 941 1238 995 et

154 1049 225 1090 suos
246 1031 373 1093 societas
394 1040 516 1111 nostra,
538 1031 590 1093 cui
609 1052 672 1093 non
694 1030 877 1095 indecorum
894 1040 941 1095 est
960 1029 1101 1109 eosdem,
1124 1054 1144 1093 s
1162 1030 1238 1115 qui.

154 1128 211 1189 bns
231 1130 355 1208 ecelesia
381 1139 531 1206 vexatur,
567 1129 774 1210 adversarios,
807 1130 961 1211 eundern,
995 1154 1015 1193 a
1033 1146 1097 1215 qno
1118 1128 1239 1193 dacusa

155 1236 202 1289 est
220 1228 349 1313 religio,
371 1228 524 1294 vindicem
543 1232 590 1293 Te
611 1253 647 1292 ac
667 1239 836 1314 patronum
856 1230 999 1315 experiri.
1018 1250 1126 1315 perge,
1144 1228 1239 1291 Prin-

156 1348 227 1410 ceps
243 1330 494 1415 Eminentimime,
516 1328 554 1393 dc
573 1338 707 1414 utraque
725 1330 804 1395 bene
818 1330 945 1393 mereri:
966 1332 1009 1391 sie
1030 1330 1087 1391 tibi
1108 1326 1240 1389 vicissim

158 1436 308 1515 utraque,
331 1428 417 1511 quod
437 1450 589 1493 summum
608 1429 724 1506 habet,
754 1430 925 1515 gratissimo
946 1430 1049 1497 animo
1071 1426 1241 1512 rependat,

160 1526 257 1589 altera
284 1526 464 1611 dignitatern
494 1530 579 1592 orbis
605 1538 764 1593 terrarum
786 1552 959 1613 supremam
971 1577 981 1609 ,
1002 1530 1099 1592 altera
1120 1527 1241 1611 plenam

162 1626 317 1711 religionis
348 1630 523 1713 amorisque
554 1630 771 1699 reverentiam.
810 1630 844 1693 bi
864 1638 954 1709 sunt,
984 1628 1132 1713 Princeps
1151 1626 1242 1689 Emi-

162 1728 353 1807 acutissime,
386 1730 540 1793 societatis
567 1738 692 1793 nostrae
712 1751 832 1809 sensns,
855 1750 933 1817 qnos
950 1729 1093 1813 profiteri
1114 1749 1174 1811 per
1192 1748 1244 1790 me

162 1827 272 1889 voluit.
296 1828 378 1891 inter
392 1828 468 1892 haec
482 1830 546 1895 eius
563 1838 637 1893 rota
650 1840 682 1893 et
700 1838 856 1893 terrarmn
873 1828 1011 1891 omnium
1025 1828 1244 1913 gratulationes
1368 1839 1370 1913 ’χ

162 1934 270 2013 patere
291 1926 353 1990 boe
373 1928 431 1991 tibi
465 1930 603 2014 quamns
624 1939 717 1993 tenue
737 1929 920 2009 donarium,
954 1928 1029 1991 dum
1049 1928 1169 1989 maiora
1190 1948 1245 1991 er.

164 2027 325 2107 solvamus,
348 2028 493 2113 appendi.
514 2028 682 2093 laudabunt
697 2028 767 2109 alii,
783 2028 866 2107 scio,
887 2029 919 2091 in
938 2025 1169 2112 quadripertitis
1183 2046 1244 2085 no.

165 2127 221 2187 stri
241 2126 361 2209 alicam,
381 2150 420 2189 an
442 2130 545 2211 potius
562 2128 639 2207 Tui,
658 2150 675 2191 e
691 2128 795 2189 Sicilia
821 2126 947 2188 orirmdi
967 2126 1121 2190 Michaelis
1132 2126 1246 2210 Glycae

165 2226 338 2305 annalibus,
365 2226 512 2289 historiae
531 2247 635 2287 sacrae
662 2247 699 2286 ac
731 2227 880 2307 profanae
907 2226 1042 2288 mirabili
1065 2226 1246 2289 dexteritate

163 2324 308 2391 insertam
328 2323 536 2407 theologiam,
561 2323 736 2386 divinarum
764 2324 939 2387 litterarum
959 2326 1247 2409 interpretationem

164 2432 197 2485 et
218 2423 369 2487 assiduum
389 2434 567 2487 sanctorum
589 2431 714 2507 patrum
735 2446 825 2485 usum
841 2447 913 2488 cum
933 2425 1102 2493 medicinae
1121 2426 1247 2491 scientie

166 2548 203 2593 nc
226 2547 332 2587 rerum
353 2524 540 2589 neutralium
560 2524 739 2609 cognitione
761 2524 972 2605 coniunctum,
991 2527 1169 2609 principum
1180 2526 1248 2587 lto.

146 2646 234 2689 mae
255 2632 288 2686 et
307 2623 576 2707 Constantinopoli
597 2605 816 2707 imperantium
845 2626 965 2709 sibique
983 2626 1117 2691 invicem
1138 2624 1249 2689 ordine

166 2722 396 2787 succedentium
415 2748 433 2785 a
456 2724 533 2787 lulio
552 2724 679 2787 Caesare
706 2722 747 2785 nd
771 2722 868 2786 atexii
888 2724 1038 2789 Comneni
1061 2725 1180 2788 obitum
1201 2746 1250 2789 res

168 2824 327 2907 praeclare
350 2834 445 2913 gestas
468 2824 622 2908 ingeniose
642 2844 800 2902 connexas,
819 2832 990 2889 certantem
1010 2846 1082 2885 cum
1098 2826 1250 2909 eloquen.

169 2924 213 2987 tia
234 2925 347 3009 ingenii
367 2925 563 3005 felicitatem,
598 2946 669 2987 cum
696 2946 804 2989 renam
824 2926 975 2987 varietate
993 2924 1166 2991 incredibili
1186 2946 1251 2987 non

170 3024 386 3087 inconcinnam
415 3024 616 3103 brevitatem,
647 3022 845 3107 digressiones
872 3024 1005 3114 denique
1030 3022 1070 3085 ad
1088 3023 1251 3091 terendum

170 3124 294 3191 lectoris
318 3123 454 3191 taedium
476 3125 535 3193 suis
565 3132 637 3207 apte
655 3124 730 3185 locis
759 3124 932 3193 collocatas.
976 3146 1034 3207 ego
1054 3144 1129 3187 vero
1150 3144 1253 3209 neque

172 3226 204 3286 in
225 3224 287 3285 hoc
308 3246 409 3308 neque
437 3225 469 3291 in
497 3224 579 3303 aliis,
611 3246 692 3309 quae
723 3224 795 3285 Tibi
826 3248 844 3285 a
872 3224 960 3286 nobis
983 3224 1089 3287 offerri
1107 3230 1252 3307 possent,

173 3324 369 3403 muneribus,
401 3324 568 3409 quicquam
600 3345 745 3407 magnum
774 3326 882 3408 Teque
910 3322 1058 3407 dignum,
1092 3322 1253 3405 aestimare

171 3426 283 3502 statui,
303 3424 360 3485 nisi
378 3425 428 3484 cni
450 3426 499 3483 Tu
521 3422 663 3485 laudator
684 3433 717 3486 et
746 3424 939 3506 approbator
958 3424 1126 3486 accesseris.
1167 3420 1252 3500 vale,

172 3534 215 3591 ct*
239 3526 270 3585 in
292 3524 403 3587 multos
425 3544 520 3584 annos
540 3524 609 3585 selis
629 3524 713 3588 vive.
753 3522 875 3593 Dabam
892 3524 1034 3593 Lutetiae
1061 3524 1254 3591 Parisiorum

172 3623 234 3688 tat.
258 3624 403 3687 Decerub.
424 3623 495 3685 anni
519 3620 607 3691 1659.

295 3740 487 3807 Eminentius
500 3740 586 3805 Tuae

560 3906 782 3969 'addictissimus
802 3904 965 3968 Parsrrrus
986 3905 1083 3967 Lassa

668 4026 730 4068 soc.
752 4006 818 4066 lesu
841 4002 1010 4087 presbyter.

585 4172 852 4189 W
