2742 4617
213 270 290 352 180
544 289 762 358 uacumms
791 289 954 356 osseas
999 384 1004 406 Ι

200 450 296 530 σάμα
331 445 395 531 γάρ
424 443 502 529 μήτε
522 454 657 530 κρυμοῖς
686 449 862 512 δποπῖπτον
889 441 970 529 μήτε
989 439 1157 525 θάλψεσιν.
1176 441 1208 506 si
1224 441 1287 526 γάρ

170 546 310 621 οέλάπει
331 540 475 611 τοιοῦτόν
491 569 523 610 τι
543 542 645 623 πάθος
666 539 756 627 asiai,
776 547 832 610 καί
849 540 1066 624 σκεπάσματος
1086 534 1127 606 άν
1146 537 1290 624 ε’ξάνάγ-

199 670 257 732 τιης
282 642 339 710 aui
368 643 590 728 προβλήματος
618 647 741 720 έπιδεὲς
767 633 816 727 ἦν.
870 642 928 708 asiae
957 635 998 708 άν
1024 637 1124 706 osiris
1151 639 1289 722 πάσχειν

198 744 289 834 ριήθη
309 740 389 808 κατά
409 765 442 806 τι
464 739 481 806 o‘
512 747 598 820 θεῖος
618 735 709 818 οὗτος
727 737 827 826 άνῆρ,
848 737 912 825 εἴγε
928 741 986 806 nat
1004 743 1126 822 μάλλον
1146 736 1204 823 τήν
1224 763 1289 802 πα-

196 848 338 928 χνιέραν
356 841 459 926 σάρκα
474 845 530 908 κατ’
548 841 678 928 θνητήν,
699 841 756 928 ἀφ’
780 833 817 925 ἦς
833 834 898 923 άρα
918 839 974 904 aas*
987 840 1024 905 τὸ
1046 839 1183 922 πάσχειν
1201 834 1318 922 ἧμῖν,5

198 949 234 1010 έν
252 946 293 1032 τῇ
318 945 374 1009 τοῦ
403 944 592 1025 δερμάτινον
622 943 755 1025 χιτοάνος
782 945 935 1027 περιβολῇ
955 937 1009 1006 τάν
1025 932 1132 1022 Ἀδάμ
1152 937 1289 1004 ένδάσα-

197 1050 276 1111 σθαι
299 1039 414 1127 ἔλεγεν.
457 1040 556 1118 ἔδειξε
577 1038 639 1126 γάρ
665 1043 815 1106 ἐντεῦθεν
841 1035 890 1104 ὅτι
909 1037 970 1123 πρὸ
991 1042 1047 1124 τῆς
1065 1036 1211 1124 τοιαάτης
1230 1061 1288 1102 πε»-

197 1145 331 1228 ριβολῆς
359 1137 487 1226 άπαθης
516 1139 534 1202 ά
565 1133 734 1224 ἄνθρωπος
765 1129 804 1223 ἦν
828 1134 886 1203 iias
916 1136 956 1223 δὴ
976 1138 1079 1223 σάρκα
1100 1138 1288 1222 λεπτοτέραν

197 1242 424 1322 ἐνδεδυμένος,
455 1236 613 1305 άθάνατάν
631 1262 665 1304 τε
695 1237 751 1303 καὶ
768 1231 950 1324 άφθαριον.
992 1239 1063 1302 ἄλλ’
1082 1234 1139 1303 tui
1154 1236 1288 1314 ταύταις

196 1350 268 1418 ταῖς
290 1343 392 1417 λέξεσι
410 1342 612 1422 χαλεπαίνειν
632 1338 672 1402 asi
690 1331 765 1420 χρή.
806 1335 885 1403 ιιατά
905 1335 968 1420 γάρ
989 1335 1042 1402 τὸν
1060 1335 1287 1422 χρυσορρήμο-
1299 1353 1336 1396 ro

196 1465 238 1506 να
255 1441 399 1523 Ἰωάννην
425 1437 528 1522 πάσης
549 1431 727 1521 άπὴλλαιιτο
757 1434 793 1500 τά
815 1439 910 1518 σῶμα
930 1439 1029 1501 έκεῖνο
1052 1439 1188 1524 φθοράς.
1233 1437 1285 1520 ἐφ’

196 1531 223 1628 ᾦ
253 1541 309 1606 aas*
336 1531 506 1623 άφθαρτον
534 1533 615 1602 arisi
653 1535 784 1612 διναέοις
815 1533 832 1600 ά
859 1531 949 1618 λόγος
981 1533 1136 1600 ἐκάλεσεν.
1189 1537 1220 1602 εἰ
1249 1537 1287 1602 δὲ

162 1633 382 1724 υάφθαρτον,
403 1630 538 1722 εὔδηλον
558 1630 606 1700 δτι
625 1638 682 1700 arai
703 1639 864 1700 α’θάνατον
885 1625 935 1721 ἧν.
978 1637 1009 1700 εἰ
1026 1632 1086 1718 γάρ
1109 1629 1287 1718 ἐπάγεσθαι

195 1739 332 1804 εἰώθασι
343 1738 399 1801 καὶ
418 1735 507 1801 νόσοι
523 1736 579 1800 ιιαί
597 1732 729 1802 θάνατοι
743 1734 778 1800 έν
791 1758 824 1798 τε
846 1737 1024 1812 πλεονεξίας
1041 1733 1098 1798 arui
1115 1735 1287 1815 ἐλλείψεως

194 1841 260 1902 τάν
278 1835 442 1922 τεσσάρων
461 1836 594 1919 χνμάν,
622 1831 708 1899 καθά
734 1831 773 1918 δὴ
792 1837 837 1921 τῷ
864 1828 1102 1918 χρυσορρὴμονι
1124 1833 1227 1914 δοκεῖ,
1248 1829 1283 1896 τά
1300 1831 1336 1894 15

196 1940 233 2002 δέ
256 1959 291 2021 ys
313 1937 407 2019 σῶμα
428 1936 489 2000 τοά
503 1927 612 2016 Ἀδάμ
633 1936 668 1998 έν
691 1926 831 2022 άπαθεέρι
852 1936 939 2018 διῆγε
956 1935 1012 1996 ιιαί
1032 1927 1183 2008 aicadrus
1201 1925 1286 2014 εἶχεν

195 2036 253 2101 aiea'
270 2037 361 2120 (οδδέ
389 2034 450 2120 γάρ
482 2034 650 2100 άλλοιοοσιν
681 2025 810 2116 έδέχετά
838 2057 909 2098 τινα
936 2037 1164 2116 παραπλησίοις
1194 2030 1285 2116 ἡμῖν,

195 2133 254 2200 άιε
277 2133 316 2219 δὴ
337 2139 451 2200 παθῶν
468 2136 625 2198 παντοίων
645 2128 819 2218 ὑπέρτερον
843 2123 906 2218 ὅν),
928 2130 1073 2218 φαίνεται
1093 2129 1217 2206 πάντας
1237 2127 1287 2220 ὅτι

195 2236 252 2299 arui
278 2233 459 2308 diurnales
492 2229 616 2316 άπῆρχε
642 2235 795 2314 μέτοχον,
826 2229 869 2305 οἷς
904 2225 921 2293 ά
953 2227 1044 2312 λόγος
1075 2224 1136 2315 ἤδη
1156 2229 1287 2316 φθάσας

195 2335 364 2416 ἐδήλωσεν.
405 2325 456 2394 ὅτι
474 2333 510 2395 δέ
532 2331 676 2416 φαεινῶν
696 2333 810 2394 παθῶν
833 2325 988 2413 α’νάτερος
1018 2326 1036 2393 ά
1059 2323 1228 2414 άνθρωπος
1247 2321 1336 2413 riano

195 2435 231 2496 έν
260 2428 368 2525 ένεένηι
394 2431 439 2516 τῷ
460 2432 582 2518 notaui,
608 2431 667 2495 καί
691 2427 709 2494 ά
730 2432 829 2514 μέγας
856 2425 954 2509 ἔδειξε
977 2433 1147 2508 Βασιλειος
1165 2431 1199 2496 έν
1220 2438 1287 2506 τοῖς

197 2775 250 2812 nec
278 2758 367 2811 aestui
394 2757 466 2812 foret
489 2758 645 2811 obnoxium.
671 2759 773 2832 quippe
793 2761 815 2812 si
841 2759 973 2813 eiusmodi
998 2760 1141 2832 quaepiam
1166 2759 1285 2812 adfectio

197 2831 321 2883 laesisset
338 2831 443 2899 ipsum,
475 2831 555 2882 etiam
571 2832 724 2882 necessarie
748 2841 803 2884 tam
819 2841 975 2900 tegumento
991 2849 1070 2900 quam
1090 2832 1192 2883 vestitu
1211 2830 1286 2882 indi-

198 2905 307 2971 guisset.
321 2899 355 2952 de
371 2917 425 2971 quo
442 2900 579 2970 colligitur
595 2900 716 2952 divinum
730 2901 802 2954 hune
816 2905 902 2954 virum
920 2903 1085 2954 existimasse
1103 2902 1174 2954 nihil
1196 2902 1287 2953 amni-

198 2973 310 3024 natale
336 2973 394 3022 ullo
440 2980 500 3022 acto
529 2988 625 3041 corpas
642 2970 714 3022 illud
729 2971 846 3026 hominis
872 2973 950 3042 primi
970 2989 1126 3042 perpessum
1146 2990 1211 3024 esse.
1231 2972 1286 3024 imo

197 3043 282 3097 tradit
300 3041 410 3093 idemA
431 3059 521 3092 arnum
548 3058 654 3094 carnem
672 3041 741 3095 hauc
768 3047 923 3096 crassiorem
949 3052 977 3096 et
994 3044 1075 3094 morti
1093 3044 1250 3106 obnoxiam,
1271 3061 1289 3095 a

198 3131 253 3184 qua
271 3115 328 3184 ipsa
344 3112 554 3182 proficiscuntur
571 3111 724 3166 huiusmodi
743 3113 926 3179 adiectiones,
953 3131 1005 3166 sana
1026 3131 1085 3164 eum
1105 3115 1202 3165 amictu
1224 3115 1288 3182 pel-

199 3186 286 3237 liceae
310 3184 419 3235 tunicae
438 3182 567 3235 induisse.
597 3201 652 3253 quo
679 3183 801 3237 indicare
821 3185 908 3238 voluit
927 3193 989 3236 ante
1007 3185 1132 3236 amictum
1152 3185 1288 3236 eiusmodi

199 3257 281 3307 luisse
308 3253 445 3305 hominem
463 3253 646 3306 adfectionum
671 3265 823 3324 expertem,
848 3265 879 3308 ut
896 3258 943 3326 qui
973 3271 1052 3307 carne
1073 3255 1215 3308 subtiliore
1233 3256 1289 3306 irn-

199 3326 307 3378 mortali
323 3334 353 3377 et
371 3326 478 3376 incursu
498 3325 572 3376 tibili
589 3325 663 3394 prius
680 3325 792 3378 indutus
806 3335 883 3378 esset
902 3343 971 3397 quae
988 3343 1065 3378 voces
1085 3325 1213 3378 exhibere
1232 3327 1288 3380 tibi

198 3397 339 3450 molestiae
357 3395 428 3448 nihil
442 3343 553 3447 ueiens.
573 3400 634 3447 nain
653 3397 688 3448 de
698 3397 878 3466 Chrysostomi
897 3397 1030 3450 sententia
1048 3415 1143 3466 corpus
1160 3396 1229 3449 illud
1251 3397 1287 3448 ab

200 3469 315 3520 interitu
332 3476 390 3520 erat
408 3468 543 3530 immune;
560 3483 642 3536 qaam
662 3467 698 3518 ob
718 3486 821 3520 caussam
838 3469 934 3520 merito
952 3469 1157 3538 incorruptibile
1175 3467 1286 3520 dicitur.

200 3539 298 3608 quodsi
327 3546 387 3590 erat
411 3536 631 3607 incorruptibile,
655 3539 766 3608 planura
786 3549 826 3590 est
852 3540 932 3590 etiam
950 3539 1098 3592 immortale
1114 3539 1205 3591 luisse.
1223 3557 1285 3592 nam

200 3626 261 3660 casn
279 3609 366 3660 morbi
383 3619 465 3678 atque
482 3617 582 3660 mortes
606 3618 663 3660 tam
681 3609 897 3660 exabundantia
918 3627 997 3730 ipram
1026 3609 1135 3661 defectu
1156 3619 1287 3680 quattuor

200 3680 343 3731 haumarum
366 3681 432 3733 oriri
459 3681 665 3744 consueuerint,
693 3678 864 3732 adsentiente
891 3697 927 3732 ao
949 3681 970 3732 is
995 3681 1024 3732 in
1054 3681 1106 3732 hoo
1122 3682 1181 3750 ipso
1202 3683 1285 3733 etiam

200 3750 407 3816 chrysostomo,
430 3758 460 3802 et
485 3767 670 3820 veroscorpus
686 3750 781 3800 Adami
806 3767 901 3818 expers
918 3751 1100 3803 adfectionum
1119 3751 1217 3814 suerit,
1236 3769 1285 3804 eo-

201 3819 264 3872 dem
281 3819 362 3871 modo
387 3822 493 3874 scilieet
515 3821 649 3873 adiectum
667 3829 799 3890 perpetuo
829 3821 896 3890 (noa
914 3823 985 3874 euim
1002 3825 1181 3876 mutationem
1201 3823 1284 3875 ullam

199 3889 372 3955 admittebat,
389 3892 464 3960 quod
481 3893 509 3944 in
528 3891 607 3944 uobis
624 3892 768 3944 usuvenire
787 3892 930 3958 cernimus,
945 3903 1073 3963 unquam
1092 3911 1171 3964 supra
1189 3912 1283 3946 omnes

200 3961 368 4014 adiectiones
386 3962 534 4030 positum),
553 3965 722 4032 perspicuum
739 3979 846 4032 prorsus
864 3972 906 4016 est
923 3965 1002 4017 etiam
1021 3965 1154 4034 particeps
1176 3966 1284 4018 immor-

200 4031 315 4084 talitatis
332 4030 424 4092 luisse‚
441 4031 664 4099 quaemadmodum
682 4033 734 4086 iam
753 4033 891 4085 multoties
913 4043 954 4088 est
974 4034 1130 4088 indicatam.
1150 4043 1179 4086 et
1199 4036 1283 4088 luisse

201 4099 385 4155 neminemid
404 4103 532 4167 temporis
551 4120 631 4185 sopra
650 4120 743 4156 omnes
763 4103 929 4160 adiectiones
947 4108 1080 4176 positum,
1105 4123 1215 4174 magnus
1233 4106 1283 4158 ille

200 4173 315 4226 Basilius
340 4171 370 4222 in
397 4168 526 4222 Asceticis
551 4189 605 4223 suas
638 4173 774 4240 ostendit,
801 4175 849 4227 ubi
877 4175 912 4229 ad
944 4178 1056 4231 uerbum
1082 4176 1148 4230 haec
1175 4185 1283 4231 exstant
