2742 4617
437 244 650 312 turiurum
679 244 783 311 usus
811 250 837 309 ι.
1085 196 1089 205 ’
1118 219 1177 332 39

95 408 161 479 τοϊς
180 390 243 484 γάρ
275 398 451 473 άθανάτοις
478 400 655 481 λουομένοις
675 396 732 463 καί
757 396 942 480 άδιαδύχοις
964 402 1104 475 τοιούτος
1124 405 1181 465 κατ’

95 500 211 565 taidi
233 495 395 582 άρμόττει.
442 499 496 563 int
525 500 560 563 δὲ
581 500 637 563 τού
656 498 811 582 παρόντος
832 502 886 562 καί
903 496 1040 579 μάλιστα
1053 495 1119 563 ἔδει
1138 497 1205 564 rata

91 602 192 683 μέτρα
209 602 269 665 τοῦ
288 596 407 683 χρόνον
424 596 597 681 γινώσκειν,
619 596 669 662 ἵνα
693 600 897 682 ποραθέοντα
915 599 1025 663 τούτου
1044 595 1219 682 όριόντεςν.
1233 610 1263 661 ιο

91 699 184 781 ἡμεῖς
204 700 313 764 αι’τοόν
333 697 422 780 ἡμῶν
441 695 665 777 ἐπιμελώμεθα
686 696 742 760 κατ’
760 694 840 777 πρός
857 698 1036 781 ἀποδημίαν
1054 694 1179 779 ἕτοιμα-

68 799 249 879 ὅζάμεθιι·
294 793 370 862 ὅθεν
395 796 451 862 καί
474 801 660 879 μεσολαβεῖν
679 795 738 881 τὴν
757 793 853 861 νύκτα
877 794 1049 883 πανσόφως
1068 794 1085 861 ό
1106 794 1181 872 θεός

93 898 271 976 διετάξατο,
953 921 955 926 ’

110 1046 117 1061 .
174 999 249 1061 Καί
275 988 485 1077 vituperat
513 992 680 1078 ύποφῆτυι
700 995 757 1059 τού
786 991 961 1076 πνεύματος
979 993 1128 1078 περὶτῆς
1148 996 1182 1074 ἐξ

91 1096 193 1179 ἀρχῆς
215 1096 279 1159 τάν
296 1094 436 1179 α’στέρων
468 1097 658 1179 παραγωγῆς
678 1092 732 1157 καί
751 1090 934 1167 συστάσεως
951 1092 1007 1156 καί
1026 1096 1181 1178 φρονοῦσι

91 1197 150 1259 καί
172 1196 338 1278 λέγουσιν·
391 1190 419 1256 oi
440 1195 476 1257 δὲ
498 1193 552 1257 ε’πί
579 1200 675 1267 κενοῖς
697 1193 750 1255 dei
768 1189 1012 1273 ματαιάζοντες,
1035 1189 1064 1256 oi
1085 1193 1207 1278 copoic

54 1295 150 1373 ιομὲν
179 1287 262 1357 εἶναι
286 1294 474 1377 φάσκοντες,
508 1294 729 1375 μωραιδὲνιις
749 1294 785 1357 δὲ
806 1289 885 1355 κατά
906 1296 1042 1357 Παῦλον
1061 1294 1180 1372 εἰπεῖν,

90 1394 226 1473 μυρίαις
244 1392 298 1455 tut
317 1388 440 1466 τούτοις
460 1390 566 1469 δόξαις
589 1385 721 1465 ἑαυτούς
742 1385 963 1454 ε’κδεδοόκασιν.
985 1390 1097 1455 αύιίνα
1117 1389 1181 1476 γάρ

90 1486 347 1574 όἈναξαγόρυς
382 1486 493 1553 τοιάδε·
520 1488 595 1572 περδ
625 1494 680 1574 τῆς
713 1494 778 1554 τάν
813 1490 956 1570 ἀστέρων
982 1490 1181 1574 ἕκενολόγησε

91 1587 238 1675 φύσεως·
293 1586 355 1653 α’πό
374 1587 436 1672 γάρ
457 1592 513 1671 τῆς
533 1591 588 1653 τού
617 1586 737 1665 παντός
755 1585 981 1675 περιδινήσεως
1001 1594 1116 1673 πέτρας
1136 1582 1182 1653 εἶ-

90 1712 149 1752 πεν
186 1689 451 1773 evacuaremus,
475 1687 531 1752 eui
550 1688 679 1763 τούτους
699 1688 939 1771 όκπυρωθὲντας
960 1689 1015 1753 καί
1034 1683 1098 1751 άνω
1119 1713 1181 1752 πα·

53 1790 203 1869 ι5γίντας
236 1789 374 1867 α’στὲρας
402 1780 630 1871 ὀνομασθῆναι.
685 1784 727 1851 τά
749 1786 831 1851 ου’τά
864 1788 899 1851 δὲ
921 1790 975 1851 καί
993 1788 1179 1877 Δημοκρίτῳ

91 1888 166 1969 περί
184 1882 304 1950 τούτου
326 1887 420 1949 δοκεῖ.
462 1881 479 1950 ό
503 1888 537 1951 δὲ
559 1888 708 1969 Διογένης
739 1888 966 1969 κισσηροειδεῖς
986 1883 1084 1971 ἔφησε
1108 1888 1183 1951 τού.

91 2008 166 2059 τους
178 1978 274 2065 εἶναι,
298 1980 449 2058 διαπνοάς
461 2006 548 2057 τινας
561 1981 703 2064 ἔχωσας.
723 1977 804 2047 ditat
825 1983 879 2045 καί
893 1985 1053 2063 ἐμπίπτειν
1068 1986 1112 2058 εἷς
1124 1982 1183 2066 τήν

91 2085 152 2167 γῆν
164 2080 254 2155 τινάς
277 2084 312 2158 ε”ξ
325 2082 432 2146 ου’τιόν
445 2077 657 2164 ἀπομάχεται,
682 2084 738 2144 κατ’
752 2082 978 2163 σβεννυμένους
996 2082 1183 2164 ἐλέγχεσθαι

90 2177 140 2245 ότι
162 2183 262 2245 λίθων
282 2176 394 2262 ἔχουσι
416 2176 528 2265 φύσιν.
581 2182 637 2243 καί
664 2178 808 2263 μάρτυρι
825 2182 942 2263 χρῆται
963 2183 1008 2265 τῷ
1026 2182 1060 2243 ἐν
1080 2176 1212 2259 Λίγόςλ)

50 2288 243 2361 τοποταμοῖς
263 2279 440 2363 πυροειδῶς
469 2282 687 2361 κατενεχθέντι
710 2280 795 2343 ποτέ.
844 2276 921 2341 όδδ
938 2272 1181 2361 Ἀναξιμανδρος

90 2378 283 2463 συστήματά
301 2401 371 2441 τινα
388 2379 447 2442 τού
469 2378 563 2462 α’όρος
584 2378 685 2460 πυρός
706 2373 845 2458 ἔμπλεα,
879 2379 1069 2458 τροχοειδιός
1087 2399 1182 2438 πεπι-

92 2482 237 2565 λημὲνα,
264 2476 326 2540 άπό
347 2499 443 2541 τινων
469 2478 607 2561 στομίων
627 2476 762 2563 ἀφιέντα
783 2473 840 2552 τάς
861 2473 991 2562 φλόγας.
1050 2474 1125 2539 δδέ
1144 2500 1180 2559 γε

177 2630 220 2685 18.
237 2629 284 2681 καλ
302 2626 400 2683 deerat.

95 2786 234 2854 deinceps
250 2790 372 2837 secuturo
395 2783 535 2837 credimus.
553 2798 615 2837 nam
635 2798 697 2836 cnm
717 2785 747 2836 in
764 2798 797 2836 eo
816 2784 900 2836 futuri
919 2782 1002 2835 simus
1016 2784 1182 2837 immortales

94 2866 124 2911 et
144 2854 362 2909 vicissitudinum
377 2864 510 2925 expertes,
529 2871 749 2927 eorumquoque
768 2856 824 2908 tale
842 2854 922 2906 nobis
936 2856 1085 2906 conveniet.
1103 2856 1181 2907 etin

93 2926 149 2979 hoc
168 2942 237 2979 aevo
255 2927 434 2996 maximopere
462 2928 582 2996 cognitas
603 2926 682 2979 uobis
703 2943 762 2979 esse
780 2927 909 2995 temporis
935 2940 1073 2977 mensuras
1100 2940 1182 2992 opor.

92 2998 188 3061 tebat‚
209 3004 242 3050 ut
271 2997 395 3049 celeriter
420 2997 490 3049 illud
508 2994 672 3068 praete'rlabi
697 3006 837 3049 cernentes
856 2997 968 3048 solliciti
986 2993 1020 3045 de
1039 2993 1120 3046 nobis
1139 3010 1182 3045 es-

92 3086 185 3121 semus
204 3084 235 3119 ae
253 3076 360 3120 nosmet
377 3067 412 3119 ad
432 3068 601 3137 migrandum
628 3084 794 3137 pararemus.
811 3076 895 3137 etque
914 3066 965 3118 hac
982 3066 1016 3117 de
1034 3082 1114 3117 causa
1132 3082 1182 3135 per

91 3140 220 3211 profecto
240 3140 379 3207 sapienter
397 3139 476 3190 deum
496 3147 589 3191 noctes
608 3139 703 3191 diebus
722 3140 889 3190 interiecisse
907 3138 1038 3196 uidemus.

163 3210 224 3261 lloc
251 3210 333 3261 modo
354 3210 439 3261 sancti
457 3210 568 3279 spiritus
592 3208 718 3279 discipuli
746 3209 781 3260 de
807 3208 926 3260 siderum
945 3207 1081 3259 creatione
1098 3214 1182 3275 etque

94 3289 157 3331 ortu
188 3281 312 3333 sentiunt
335 3288 363 3332 et
388 3280 546 3349 loquuntur.
575 3286 604 3329 at
619 3296 683 3331 vero
698 3297 828 3331 vanorum
846 3277 1000 3348 dogmatum
1020 3285 1181 3340 sectatores,

94 3352 142 3419 qui
161 3351 300 3420 sepientes
317 3366 347 3402 se
367 3350 479 3473 guidem
497 3349 670 3420 praedicent,
699 3351 746 3401 sed
769 3350 804 3401 de
820 3350 897 3402 Pnuli
914 3352 1000 3421 (Rom.
1023 3364 1032 3397 ι
1054 3348 1099 3418 ον)
1119 3364 1181 3398 sen-
1203 3353 1208 3363 ”

94 3422 182 3473 tentia
201 3422 266 3473 lacti
284 3429 348 3473 sunt
387 3422 550 3490 eripientes,
567 3429 672 3472 tantum
690 3438 746 3472 non
763 3421 878 3474 infinitis
897 3420 948 3471 hac
965 3422 1082 3487 inparte
1101 3416 1182 3468 dissi-

95 3490 162 3543 dent
183 3490 371 3561 opinionibus.
402 3494 502 3544 etenim
518 3492 689 3560 Anaxagoras
712 3492 857 3544 denatura
875 3492 995 3543 siderum
1012 3489 1064 3539 lroc
1083 3487 1181 3551 modo,

95 3578 142 3631 per
158 3562 286 3631 prolecto
313 3560 430 3626 stolide,
459 3562 593 3615 disseruit.
618 3578 668 3646 per
697 3564 973 3631 circumagitationem
998 3560 1181 3612 universitatis

96 3648 185 3683 rernm
207 3649 272 3686 saxa
297 3632 430 3703 quaedam
448 3652 552 3685 sursum
569 3650 628 3701 rapa
655 3632 743 3695 dixit,
768 3650 855 3703 eaque
874 3633 1002 3701 deinceps
1020 3630 1182 3681 inflammata

97 3718 257 3774 sursumque
278 3704 331 3755 lixa
350 3705 440 3757 uocari
458 3703 555 3756 sidera.
576 3702 649 3755 idem
666 3713 695 3756 et
713 3705 868 3757 Democrito
891 3704 987 3755 visum.
1007 3710 1036 3753 at
1048 3702 1183 3770 Diogenes

95 3776 197 3841 pumici
222 3775 375 3829 consimilia
399 3775 513 3827 tradidit
542 3790 601 3827 esse
631 3784 660 3827 et
682 3774 812 3844 quasdam
835 3775 1044 3844 perspirationes
1075 3772 1183 3825 babere.
1235 3811 1240 3819 .

96 3844 240 3897 contendit
260 3854 289 3897 et
308 3846 443 3897 nonnulla
470 3864 502 3897 ex
522 3847 561 3898 eis
578 3848 607 3897 in
625 3854 723 3899 terram
742 3844 850 3907 delabi,
877 3860 990 3914 quorum
1009 3844 1120 3895 flammis
1137 3860 1185 3895 ex-

95 3915 189 3967 tinctis
205 3916 439 3969 animudvertutur
465 3934 523 3969 esse
540 3926 663 3968 naturam
691 3915 810 3968 siderum
827 3914 970 3983 lapideam.
988 3914 1057 3967 hanc
1074 3914 1109 3966 ad
1128 3930 1184 3964 rem

95 3986 309 4039 continuandam
338 3988 495 4040 testimonio
523 3987 629 4056 delapsi
653 3986 790 4057 qnondam
817 3985 851 4035 ad
872 3986 973 4057 Caprae
991 3987 1101 4038 flunrina
1119 3984 1185 4050 (loci

96 4070 196 4109 nomen
215 4056 269 4109 hon
293 4057 347 4125 est)
372 4058 472 4127 lapidis
490 4058 632 4109 candentis
645 4058 740 4110 utitur.
759 4056 904 4108 secundum
922 4057 971 4110 hos
989 4054 1186 4111 Anaximander

96 4124 187 4179 sidera
203 4125 295 4181 voluit
312 4145 372 4181 esse
390 4144 530 4199 compages
547 4127 677 4200 quasdam
703 4136 813 4190 e'e'reas,
829 4127 890 4198 igne
907 4130 1034 4191 reiectas,
1052 4141 1122 4196 qaae
1142 4140 1185 4173 rt>
