2742 4617
466 291 682 358 ssuetum
710 293 813 362 rsus
842 297 897 360 ru.
1117 269 1198 374 dir

122 451 178 512 νοί
185 468 274 533 φασι,
298 446 437 529 Μάρκου
457 447 517 526 mr
535 447 692 525 βασιλέως
712 448 746 510 ἐν
762 453 828 522 τοις
840 444 920 531 πρὸς
935 449 1068 514 Πίσυιο
1080 453 1202 534 μιμνη-

120 553 222 627 σθαι,
255 543 432 626 Χομμῦῦου
462 545 498 608 δὲ
529 543 624 608 πάλιν
644 545 679 608 ἐν
696 547 740 635 regi
755 547 830 628 περί
848 547 937 630 η’θοῦν
957 545 1069 636 πρύτιηι
1089 551 1202 640 βιβλίηι

120 646 226 711 αύτοῦ
237 669 247 688 ·
287 643 352 710 «tut
386 641 448 727 γὰρ
484 645 543 709 τοῦ
575 645 686 726 κυρίου
724 643 815 728 ἡμῶν
838 644 943 728 Ἰησοῦ
970 647 1113 730 Χριστοῦ
1140 647 1201 724 θοις

119 745 222 825 αύτῆς
239 745 294 827 τῆς
314 745 481 826 βασιλείας
508 739 684 824 Κομμύῦου
708 741 785 808 niuei
803 737 916 810 ἑκατὸν
935 743 1127 830 πεντήκοντα
1143 743 1231 832 tiso

88 843 327 930 δεῦρίσκονται.
368 843 424 906 καί
437 843 541 907 ταῦτα
562 843 622 921 μὲν
642 841 689 918 εἰς
709 845 866 909 τοσοῦτον.

204 935 288 1010 Oios
308 943 354 1024 δέ,
377 942 530 1024 α’γαπητί,
550 936 602 1004 ὅτι
623 943 679 1006 καί
696 941 788 1008 τοῦτο
808 939 889 1025 πρὸς
907 949 973 1018 τοίς
992 936 1099 1020 sitisse
1118 941 1200 1028 ἠπύ-

115 1065 233 1126 ρηκας,
261 1041 336 1124 „i‘vo
362 1043 415 1106 τί*
433 1043 532 1124 λέγων
553 1038 607 1123 „oi
627 1045 774 1126 μαθηταί
795 1043 855 1106 τοῦ
878 1045 1024 1126 Χριστοῦ
1047 1040 1103 1108 καί
1119 1043 1199 1106 α’πύ-

114 1147 222 1207 στολοι
241 1139 283 1206 τοὶ
305 1139 399 1205 λοιπύ
421 1138 702 1223 συγγραψάμενοι,
728 1138 768 1205 τοὶ
794 1137 875 1205 κατὰ
904 1140 962 1220 τήν
982 1139 1126 1228 κοίμησιν
1143 1147 1200 1227 τῆς

115 1235 332 1323 ἇειπαρθίνου
352 1238 534 1304 παντύπασι
554 1235 776 1322 σεσιγηκασι,·”
795 1240 851 1304 καί
867 1237 952 1305 ἔστιν
967 1241 1066 1306 εἰπεῖν
1085 1235 1137 1308 dre
1156 1241 1196 1308 τοί

66 1340 170 1424 τοτῆς
194 1337 346 1425 ύνσύρκοο
374 1338 433 1402 τοῦ
460 1340 600 1422 σωτῆρος
621 1338 712 1420 ἡμῶν
733 1338 907 1420 οἰκονομίας
929 1335 959 1402 ot
980 1339 1201 1424 εύαγγτλιοταί

114 1440 317 1525 διηγούμενοι
341 1441 441 1524 μέχρι
469 1437 525 1503 καί
552 1439 651 1520 αύτῆς
671 1433 878 1522 κατηντήκασι
901 1439 958 1522 τῆς
979 1435 1041 1502 sus·
1060 1441 1119 1524 γῆς
1137 1441 1198 1504 ου’-

113 1540 173 1603 τοῦ
188 1541 386 1622 ἀναλήψεως.
427 1535 447 1621 ἢ
469 1539 505 1601 δὲ
527 1539 587 1601 τοῦ
606 1537 717 1619 κυρίου
738 1533 830 1620 ἧμοῦν
846 1528 950 1621 Ἰησοῦ
972 1541 1116 1619 Χριστοῦ
1134 1561 1196 1603 τιο-

111 1635 264 1720 νύμωμος
284 1633 387 1724 μήτηρ
416 1639 462 1713 είς
492 1639 590 1721 γῆρας
618 1639 739 1717 λέγεται
766 1638 942 1721 ἐφθακέναι
970 1635 1078 1718 βαθύ,
1107 1635 1227 1708 eudon

112 1760 210 1824 φησιν
231 1735 249 1802 ὁ
272 1737 435 1811 θειότατος
457 1736 607 1818 Ἀνδρέας
626 1733 644 1796 d
666 1732 805 1820 Κρήτης.
847 1736 961 1800 ου’κοῦν
979 1731 1135 1802 α’δύνατον
1153 1730 1194 1820 ἦν

60 1840 151 1923 τότῇ
177 1837 360 1923 εύαγγελικῇ
385 1837 630 1920 παραμεμῖχθαι
656 1832 781 1921 ἱστορίη
812 1835 870 1897 καί
896 1837 953 1918 τῆς
978 1833 1193 1917 α’τιπαρθύνου

110 1931 170 2019 τὴν
191 1938 352 2019 κοίμησιν,
383 1929 443 1998 ὅτε
463 1933 567 2020 πολλῷ
587 1933 630 2018 τῷ
648 1929 751 2020 χρόνῳ
772 1941 955 2016 γεγονυῖαν,
988 1927 1031 2008 οῦς
1056 1929 1192 2018 ἔφημεν,

108 2031 250 2118 ῦστερον.
290 2035 356 2122 ίῦίρ
387 2035 424 2098 δὲ
449 2029 544 2096 πάλιν
572 2030 603 2095 οἱ
630 2031 779 2114 μαθηταί
804 2033 865 2095 τοῦ
883 2033 1025 2116 Χριστοῦ
1044 2033 1192 2114 ῦιαλαβὲ·

109 2137 190 2198 σθαι
210 2135 286 2214 περί
305 2131 422 2215 ταύτης
443 2127 501 2195 οῦκ
523 2128 682 2216 ἔφθασαν,
702 2125 750 2194 ὅτι
769 2133 844 2214 περί
861 2127 915 2194 τόν
937 2133 993 2214 τῆς
1013 2133 1192 2212 οἰκονομίας

108 2231 340 2316 ἀσχολούμενοι
370 2231 479 2314 λόγον,
510 2234 566 2293 καί
589 2229 643 2294 διὰ
671 2230 838 2316 φροντίδος
858 2229 984 2312 ἔχοντες
1005 2223 1056 2294 dm
1077 2234 1191 2313 πολλῆς

58 2332 174 2406 ῃοπῶς
201 2353 233 2395 re
257 2329 388 2404 πιστούς
416 2330 489 2405 τούς
511 2324 666 2403 ἀπίστους
683 2325 850 2412 ποιήσαιεν
871 2331 927 2392 καί
945 2323 1031 2404 ὅπως
1051 2331 1089 2416 τῇ
1106 2327 1186 2394 sord

108 2429 251 2513 Χριστόν
265 2426 426 2517 ύμαμητφ
441 2426 542 2493 πίστει
559 2431 674 2501 πάντες
692 2427 906 2511 προσέλθοιεν,
925 2424 1075 2493 reiterari
1091 2451 1188 2512 παρτ·

105 2532 267 2612 βλέποιτο,
285 2529 341 2593 καί
359 2525 499 2610 μάλιστα
519 2530 620 2592 ταῦτα
641 2528 684 2612 τῷ
705 2529 783 2614 θιίφ
805 2527 982 2613 κηρύγματι
998 2525 1044 2612 μη
1062 2531 1187 2594 συντιί-
1218 2617 1223 2622 ἱ

104 2809 243 2864 Commodi
261 2812 426 2862 mentionem
446 2809 613 2878 imperatoris
630 2809 660 2860 in
679 2809 765 2878 primo
787 2807 822 2860 de
846 2809 966 2862 moribus
992 2809 1063 2862 iibro
1082 2809 1185 2866 iecerit.

103 2899 166 2934 unm
183 2884 256 2934 inter
275 2889 390 2933 oetatem
412 2880 515 2932 domini
535 2880 618 2930 nostri
644 2879 705 2930 iesu
723 2877 823 2932 Christi
841 2887 870 2932 et
888 2881 1029 2950 imperium
1046 2881 1184 2936 Commodi
1291 2905 1294 2912 ·

102 2951 299 3024 propemodum
317 2953 381 3004 suoi
400 2951 443 3003 ct
467 2949 647 3002 intercedunt.
676 2965 708 3002 uo
725 2949 758 3001 de
775 2949 818 3002 his
837 2951 946 3020 quidem
965 2950 1102 3004 hecteuur.

174 3021 287 3076 hiemini
306 3039 433 3092 qsroque,
454 3019 556 3072 dilecte
571 3020 630 3084 fiii,
647 3027 676 3071 te
696 3021 767 3071 inter
784 3029 888 3072 coetero
901 3021 1056 3074 huiusmodi
1075 3023 1185 3076 dubita·

102 3095 205 3146 tionem
231 3092 378 3164 aliquando
400 3091 466 3146 mihi
494 3091 674 3162 proposuisse.
703 3091 892 3162 quomobrem,
916 3092 1026 3156 aiebas,
1056 3093 1183 3164 dircipuli

102 3165 202 3216 Christi
230 3173 259 3216 et
281 3164 397 3232 apostoli
425 3162 504 3214 rebus
528 3163 590 3212 siiis
612 3161 642 3212 in
658 3162 863 3214 commentarios
882 3170 910 3214 et
927 3162 1053 3214 historias
1072 3165 1184 3228 reiutis,

101 3235 269 3358 iiiiii:
288 3233 669 3374 3,¹t¹55,¹}¹‚iittt¹':;ttitt
681 3232 1184 3372 iitit‘tiit’ctiit:itiieit‘

514 3342 522 3367 ,
1169 3335 1184 3348 .

100 3377 203 3428 tionem
221 3379 250 3427 in
267 3393 345 3428 corne
363 3382 598 3427 commemorantes
618 3371 653 3424 nd
672 3373 731 3424 eius
748 3390 763 3424 u
782 3373 860 3424 terrie
887 3375 916 3426 iu
941 3372 1045 3424 coelum
1073 3374 1183 3427 eduum-

100 3449 202 3498 tionem
218 3446 380 3517 pervenisse.
408 3458 437 3499 st
454 3461 549 3514 expers
573 3443 621 3494 ilis
638 3443 761 3495 maculae
781 3441 882 3494 domini
901 3445 986 3495 nostri
1004 3445 1063 3496 iesu
1082 3444 1182 3500 curisti

100 3529 187 3572 muter
203 3526 356 3588 provectam
374 3525 490 3569 oetatem
507 3515 627 3582 attigisse
646 3513 814 3584 perhibetur,
831 3521 863 3566 ut
874 3513 979 3566 divinus
995 3515 1044 3567 iiie
1060 3517 1109 3580 vir,
1127 3517 1182 3568 hn-

102 3590 179 3642 drcns
196 3589 331 3641 Cretensis
349 3589 479 3651 antistes,
502 3594 596 3637 auctor
622 3594 671 3637 est.
699 3591 864 3654 quopropter
888 3585 947 3636 fieri
968 3601 1025 3636 non
1043 3587 1132 3655 potuit
1150 3597 1181 3642 ut

101 3663 210 3730 virginis
227 3661 302 3713 iliius
320 3677 368 3729 per
389 3668 468 3710 etune
485 3655 650 3708 obdormitio
667 3655 838 3724 evangelicoe
856 3653 985 3706 historiae
1002 3655 1181 3722 insereretur,

99 3735 142 3784 uti
163 3749 232 3802 quse
257 3731 337 3798 longo
380 3732 487 3797 einceps
506 3735 644 3796 tempore,
662 3743 713 3777 ceu
733 3725 857 3789 diximus,
875 3724 1010 3778 acciderit.
1039 3737 1180 3796 praetereo

100 3820 217 3855 seorsruu
237 3801 366 3870 peculiari
383 3799 500 3870 quodam
517 3797 588 3849 libro
607 3796 716 3866 deipsis
737 3795 808 3848 nihii
822 3795 918 3848 Christi
936 3795 1063 3866 discipuli
1078 3815 1180 3850 merno-

99 3876 156 3926 riue
174 3871 360 3943 prodiderunt,
377 3880 521 3940 propterca
536 3867 612 3938 quod
630 3870 659 3918 in
677 3865 837 3936 explicando
850 3867 934 3936 ipsius
946 3865 1179 3922 admiuirtrntione

98 3945 233 4014 occupati,
261 3957 477 4011 rusgnopereque
494 3941 529 3990 de
547 3955 601 3990 runo
621 3939 669 3989 iiio
687 3955 716 3988 re
734 3937 859 4000 solliciti,
877 3953 932 4008 quo
956 3939 1080 3991 nimirum
1098 3950 1178 4010 puoto

97 4014 251 4068 incredulos
269 4013 363 4064 sirieies
382 4013 517 4063 eiiicerent
536 4027 568 4060 uo
586 4025 678 4061 omues
695 4007 729 4060 nd
748 4024 840 4077 purum
861 4009 1047 4080 sinceramque
1061 4011 1089 4062 in
1101 4011 1178 4064 Chri-

97 4099 167 4140 stum
185 4085 266 4136 iidem
284 4082 469 4153 perducerent,
487 4089 591 4132 coetera
617 4079 805 4148 negiigebunt,
829 4081 985 4148 praesertim
1004 4098 1035 4132 eu
1055 4096 1125 4149 quse
1143 4082 1177 4134 ed

98 4158 215 4214 divinam
232 4155 308 4210 iliam
326 4151 555 4226 praedicationem
573 4150 644 4206 nihii
668 4151 794 4204 horrent.
822 4167 877 4205 uun
896 4159 986 4206 tomen
1004 4152 1114 4207 omniuo
1134 4151 1177 4204 di-
