2742 4617
186 189 274 295 too
528 215 744 284 prensans
772 215 934 284 cauete

188 364 246 452 νην
283 368 346 433 τάν
380 361 536 446 σωμάτιον
570 364 670 453 φάσιν
704 367 761 444 τάς
793 363 922 440 τοπικάς
954 363 1053 429 αάτοά
1082 359 1277 446 μεταβάσεις

187 463 374 545 ποιαάμενος
390 459 443 550 ἦν.

272 565 369 632 Mad
396 567 432 630 di
452 566 553 632 corito
583 564 643 629 δάο
661 567 725 630 τῶν
746 567 901 648 μαθητῶν
920 565 1103 630 dumella
1121 562 1203 647 πρὸς
1221 563 1277 630 τὸν

189 665 280 730 δεῖνα
298 666 356 746 τῆς
383 667 442 728 τοῦ
473 665 602 745 superori
625 663 737 748 πάσχα
755 667 852 746 χάριν
871 660 1073 745 ἱτοιμαοιάς·
1115 660 1196 748 idq*
1222 667 1278 727 τοι·

189 761 361 848 αραλοβάν
373 760 472 850 ἔφαγε
494 763 574 828 κατά
593 761 648 850 την
665 765 722 848 τῆς
739 759 876 846 μεγάλης
896 767 1037 848 πέμπτης
1056 759 1211 846 ἑσπέραν,
1232 761 1302 838 dci

191 863 210 926 d
231 860 464 948 χρνοορρὴμων
488 860 641 946 Ἰωάννης
660 865 769 948 φησίν.
822 857 885 926 εἶθ’
915 855 1018 938 οὕτως
1045 861 1212 927 άναιιεσάν
1233 865 1274 926 δι’

190 954 293 1046 άρτοο
313 965 370 1027 sui
390 959 476 1027 οἴνου
496 960 533 1026 τά
563 963 675 1026 οἰκεῖον
695 957 805 1042 πάσχα
826 969 892 1036 τοῖς
909 963 1072 1046 μαθηταῖς
1091 963 1275 1044 παρέδωκε·

192 1061 344 1147 μάθετε,
373 1061 511 1147 φάγετε,
531 1061 625 1128 τοῦτο’
643 1058 711 1126 ἐστι
742 1058 779 1124 τά
801 1055 892 1142 οάμά
911 1063 1069 1142 μου,ναί
1089 1063 1177 1125 πάττε
1197 1060 1277 1126 πάν-

191 1185 260 1245 τες,
287 1159 382 1226 τοῦτο’
402 1162 471 1227 ἐστι
497 1160 533 1227 τὸ
564 1155 645 1241 αἷμά
664 1162 762 1241 μον.”
818 1157 880 1247 πρά
904 1163 1021 1246 μέντοιι
1036 1163 1100 1224 τοῖν
1125 1164 1277 1244 μαθητῶν

164 1258 291 1336 caristie
313 1261 370 1325 sori
389 1261 504 1326 οἰκείαν
524 1263 679 1343 μετάλαβε
701 1259 848 1342 σάματάς
866 1281 901 1325 τε
932 1257 987 1324 κατ’
1004 1259 1150 1341 αἵματος.
1192 1262 1276 1334 τίνος
1288 1288 1318 1328 ιο

193 1364 314 1439 ἔτεινας
327 1362 378 1425 ἵνα
388 1362 434 1442 μή
449 1363 504 1426 καί
518 1357 614 1424 πάλιν
628 1356 658 1424 οἱ
671 1353 819 1443 μαθηται·
828 1363 1046 1444 θορνβηθιάσι,
1061 1358 1206 1444 καθάπερ
1223 1362 1278 1423 κατ’

193 1455 358 1544 πρότερον.
382 1461 476 1542 ἡνίκα
490 1461 545 1523 μοι’
557 1457 616 1543 γάρ
629 1458 729 1524 adrui
747 1461 804 1522 τοῦ
814 1463 958 1542 Χριστοῦ
977 1461 1120 1542 λέγοντος
1138 1451 1277 1542 ἤκουσαν

193 1559 273 1642 ,δάν
292 1555 335 1641 μη
351 1556 472 1643 φάγητε
493 1556 550 1643 τὴν
561 1555 666 1640 σάρκα
683 1561 741 1622 τοῦ
756 1553 833 1623 οἱοῦ
847 1561 907 1622 τοῦ
922 1553 1094 1641 άνθροάπον
1115 1561 1171 1622 καί
1189 1561 1278 1642 πίητε
1362 1619 1363 1640 ,

195 1652 298 1723 αάτοά
325 1655 362 1723 τὸ
395 1651 495 1738 αἷμα,
519 1657 578 1721 ονίι
607 1653 697 1739 ἔχετε
725 1657 806 1742 ζωὴν
830 1660 864 1724 ἐν
883 1651 1052 1738 ’ἔαυτοΐς,”
1070 1659 1214 1740 άπῆλθον
1233 1661 1277 1732 εἰς

193 1755 234 1824 τά
264 1751 367 1820 cimbro
393 1759 448 1821 καί
476 1756 583 1822 ortatu
610 1755 818 1841 περιεπάτουν
847 1761 913 1838 μετ’
939 1755 1059 1838 αὐτοῦ,
1078 1757 1220 1838 λέγοντες
1237 1755 1276 1837 „ri
1289 1765 1322 1828 15

194 1856 288 1938 λόγος
309 1848 399 1930 οὗτος
417 1854 550 1939 σκληράς
573 1857 661 1919 ἐστι·
702 1859 749 1930 τίς
768 1851 899 1918 livam
923 1853 1050 1920 άιτοάειν
1070 1858 1209 1937 erisosi3''
1227 1858 1278 1922 iao
1362 1801 1363 1894 l

195 1956 274 2038 γοῦν
291 1955 337 2040 μη
369 1957 425 2018 νοτί
443 1956 539 2019 πάλιν
565 1953 707 2020 τοιοῦτόν
725 1949 923 2018 ιε’πάθαοιν
951 1949 1009 2018 άτε
1038 1957 1141 2038 σάρκα
1161 1957 1279 2020 εὀθιέιν
1362 1971 1363 1980 ’

197 2054 254 2120 κατ’
275 2049 356 2136 οἶμα
375 2059 477 2118 πίνειν
498 2057 673 2134 μέλλοντες,
696 2054 818 2136 πρῶτος
832 2052 925 2128 odric
943 2056 999 2136 τῆς
1021 2047 1141 2118 ἑαυτοῦ
1163 2052 1280 2137 σαριάς
1362 2055 1363 2094 l

195 2152 402 2236 άπεγεάοατο,
418 2157 521 2218 θέλων
550 2151 780 2228 άνενάοιάστοος
798 2155 861 2217 τάν
888 2155 1036 2218 τοιούτων
1056 2154 1279 2239 ἐμφορηθῆναι

194 2249 252 2316 κατ’
272 2244 402 2329 αάτοάς.
457 2250 493 2316 τὸ
515 2253 551 2318 dl
570 2254 711 2316 τοιοῦτον
740 2245 900 2332 ἑτοιμάζει
918 2251 1081 2316 retrusi
1110 2253 1213 2336 σωτὴρ
1234 2255 1325 2327 eicco

162 2347 392 2435 υττινράαλησιν
412 2353 481 2416 ,τῶν
507 2353 681 2435 μαθητῶν·
730 2343 815 2435 iniqu
848 2349 909 2438 γάρ
945 2348 1063 2429 αάτοάς
1089 2355 1128 2416 osi
1158 2354 1280 2436 μικράς

194 2599 355 2660 duceretur,
373 2603 437 2650 aute
456 2600 609 2667 passionem
622 2597 677 2649 tale
696 2596 764 2718 quid
782 2597 870 2650 iacere
888 2597 987 2652 uoluit.
1007 2605 1172 2670 quopropter
1189 2600 1280 2663 etiam,

194 2685 246 2740 pro
263 2669 398 2720 cummuni
419 2685 561 2738 corporum
579 2677 691 2730 natura,
720 2668 832 2720 oculitur
849 2667 913 2720 binc
933 2669 997 2722 inde
1016 2669 1244 2739 proficiscebatur.

264 2738 418 2791 Secundum
430 2737 499 2790 baec
516 2738 584 2790 duos
599 2755 633 2790 ex
650 2738 791 2808 discipulis
811 2737 845 2789 ad
866 2748 968 2792 certum
987 2739 1123 2808 quendam
1143 2731 1280 2792 bominem

194 2811 313 2880 ablegat,
329 2811 378 2881 qui
401 2809 499 2880 pascha
518 2810 605 2878 legale
624 2817 803 2879 appararent,
824 2809 899 2880 quod
913 2809 1024 2880 quidem
1043 2819 1106 2862 ante
1126 2811 1281 2880 passionem

194 2881 331 2944 eomedit,
348 2881 407 2950 ipsa
428 2883 669 2950 magnae'quiutae
689 2880 773 2932 seriae
792 2897 918 2949 vespera,
937 2881 1163 2950 quemadmodum
1181 2882 1283 2932 lolian-

195 2969 245 3005 nes
262 2952 467 3018 chrysostomus
483 2953 579 3021 inquit.
599 2950 699 3003 deinde
716 2949 848 3002 accubans
866 2966 936 3020 pane
955 2969 986 3003 sc
1006 2953 1070 3004 vino
1085 2951 1185 3021 pascha
1202 2969 1283 3003 suum

196 3023 340 3092 discipulis
360 3022 502 3092 praebuit,
520 3040 579 3074 cum
598 3022 641 3074 bis
660 3021 750 3073 verbis
768 3027 890 3082 uteretur
906 3023 1043 3085 ‚,sumite,
1061 3023 1212 3074 comedite:
1229 3022 1284 3073 hoc

196 3103 240 3146 est
265 3110 364 3163 corpus
389 3094 503 3144 meum.”
529 3093 593 3144 item
622 3091 728 3157 „bibite
765 3107 875 3143 omnes:
901 3091 945 3144 bic
973 3111 1048 3146 meus
1078 3103 1120 3146 est
1148 3093 1283 3162 sanguis.”

195 3163 306 3232 (matth.
331 3164 367 3214 ro
390 3164 442 3226 ali,
470 3163 552 3214 Mare.
583 3165 612 3230 ιη
631 3179 683 3226 aa,
708 3162 772 3214 Luc.
796 3177 829 3216 cn
853 3179 897 3228 19,
928 3161 1017 3214 tCor.
1048 3179 1072 3216 ιι
1108 3165 1154 3234 ai)
1174 3165 1283 3233 etqui-

188 3235 259 3286 ·dem
285 3242 349 3286 ante
374 3232 521 3303 discipulos
550 3233 609 3304 ipss
631 3234 771 3302 proprium
799 3249 894 3302 corpus
921 3241 1004 3302 atque
1034 3236 1193 3302 sanguinem
1221 3251 1285 3304 par-

149 3345 163 3366 .
196 3307 329 3374 ticiparit.
355 3303 529 3374 quemobrem
555 3303 643 3356 istnc?
674 3319 709 3354 ne
739 3303 844 3355 scilicet
876 3319 979 3354 rursum
1014 3303 1140 3373 discipuli
1175 3313 1283 3374 pertur-

197 3377 347 3439 barentur,
380 3374 606 3445 quemadmodum
643 3383 706 3425 aute
737 3374 889 3436 accideret,
927 3389 987 3426 cum
1020 3373 1156 3426 Christum
1190 3374 1282 3426 diceu-

198 3455 254 3498 tem
273 3445 439 3498 audivissent
461 3445 611 3516 (10.654)
633 3444 707 3507 „nisi
732 3443 903 3497 comederitis
928 3459 1033 3496 carnem
1049 3445 1098 3496 lilii
1117 3445 1235 3496 bominis
1255 3453 1285 3497 et

201 3519 358 3585 sauguinem
380 3517 439 3568 eius
456 3515 601 3578 biberitis,
619 3517 702 3566 uitam
721 3515 749 3566 in
765 3515 841 3568 vobis
869 3515 970 3566 nullum
991 3513 1126 3577 hahetis;”
1146 3531 1200 3584 quo
1221 3516 1284 3584 qui-

201 3588 263 3639 dem
283 3597 405 3656 tempore
424 3585 459 3637 ab
477 3603 510 3638 eo
538 3585 696 3638 recedentes
716 3599 772 3636 non
800 3585 992 3654 ampliuscula
1012 3587 1071 3654 ipso
1090 3583 1285 3647 ambulabant,

202 3658 277 3728 quod
296 3657 418 3708 dicerent
447 3657 559 3708 verbum
588 3657 657 3708 istuc
675 3655 772 3707 durum
790 3673 869 3716 esse,
897 3655 971 3726 quod
990 3656 1085 3708 audire
1105 3673 1185 3708 nemo
1205 3657 1285 3708 futile

201 3728 296 3797 possit.
316 3727 491 3796 quamobrem
508 3744 543 3778 ne
562 3743 665 3778 rursum
691 3725 824 3778 eiusmodi
854 3725 983 3796 quiddam
1002 3729 1068 3796 ipsis
1085 3727 1235 3789 accideret,
1254 3736 1286 3778 ut

202 3801 251 3867 qui
269 3814 375 3848 carnem
396 3799 539 3849 comesturi
560 3807 588 3849 et
606 3796 720 3848 bibituri
740 3799 896 3866 sanguinem
914 3806 1011 3862 esseut,
1029 3800 1131 3866 primus
1150 3799 1209 3867 ipse
1226 3813 1284 3847 car-

201 3886 264 3922 uem
287 3884 363 3918 suam
388 3867 560 3936 degustavit,
587 3877 619 3919 ut
646 3869 693 3936 qul
721 3867 787 3918 citra
814 3883 918 3918 omnem
942 3867 1140 3919 vacillationem
1166 3870 1284 3992 epipam

202 3937 279 3988 lsises
296 3937 377 3989 rebus
394 3940 507 3990 saturari
525 3939 617 3991 vellet.
635 3946 718 4005 atque
738 3937 806 3989 lianc
825 3955 933 3989 coenam
948 3938 1071 3990 dominus
1091 3938 1124 3988 ad
1144 3955 1176 3988 co
1198 3955 1227 3989 so
1239 3955 1286 3988 au·

204 4009 254 4058 dus
272 4007 420 4076 discipulos
438 4008 565 4060 instituit.
577 4008 690 4059 videbat
702 4010 773 4060 euim
792 4007 854 4060 illos
871 4025 925 4060 non
945 4027 1037 4076 parum
1058 4009 1164 4078 pavidis
1182 4018 1212 4060 et
1233 4009 1284 4059 lra-

204 4081 255 4130 ctis
285 4078 382 4130 animis
410 4093 468 4131 esse
493 4087 605 4148 propter
628 4096 703 4132 auem
729 4079 763 4130 ab
790 4080 855 4150 ipsis
888 4077 1087 4136 discessionem.
1116 4081 1284 4151 itaque,ceu
