2742 4617
382 700 584 777 LABBEI
607 697 957 775 DEDICATIO.

1018 874 1027 909 i

333 910 747 1014 EtllttEnTtsstntu
778 913 1009 974 PlthClPl

198 1078 379 1176 IULlO
409 1078 761 1176 CARDINALI
790 1078 1142 1177 MAZARINO.

541 1284 791 1299 ..ι--ῌ

119 1400 217 1497 Cnm
238 1432 390 1497 redditam
420 1421 567 1521 Europae
590 1457 721 1521 pacem,
753 1444 847 1523 teque
878 1444 1009 1498 auctore
1038 1432 1160 1497 tandem
1180 1440 1214 1495 et

118 1543 231 1597 actore
271 1556 335 1596 uno
368 1536 557 1619 perlectam,
596 1534 720 1599 ordines
758 1557 863 1599 omnes
889 1536 1019 1597 summis
1050 1532 1213 1619 gratissimi

117 1634 217 1695 animi
237 1632 508 1718 significationibus
528 1645 770 1721 prosequuntur,
789 1634 938 1719 Princeps
958 1634 1214 1715 Eminentissime,

117 1740 188 1795 tum
218 1734 394 1797 litterarum
424 1744 469 1799 est
498 1734 776 1822 doctrinarumque
805 1738 943 1797 omnium
963 1737 1131 1821 proprium
1149 1734 1214 1796 hoc

117 1832 176 1895 sibi
196 1834 383 1896 beneficium
403 1836 621 1899 immortaliter
639 1837 832 1919 praedicare.
853 1845 886 1898 et
898 1845 1003 1897 auctos
1022 1845 1125 1897 tumen
1145 1834 1210 1897 hoc

118 1954 248 1995 munere
269 1933 392 1997 labores
413 1934 588 2018 intelligunt
606 1958 694 2009 suos;
713 1936 890 2018 meritoque
919 1935 1062 1996 dubitant
1082 1934 1137 2019 qui
1155 1956 1209 1995 re-

118 2032 273 2116 spondere
295 2032 357 2094 iarn
386 2034 504 2096 meritis
527 2036 586 2095 tuis
606 2036 743 2119 possint,
767 2056 847 2118 quae
873 2056 913 2096 ne
934 2035 1016 2095 inter
1034 2035 1115 2096 bella
1136 2033 1211 2118 qui.

62 2198 67 2207 .
116 2132 189 2194 dem
221 2132 364 2197 ornando
402 2134 459 2195 tihi
489 2156 576 2217 pares
608 2142 706 2195 erant.
748 2132 802 2195 sed
829 2142 1013 2195 recreantur
1030 2142 1132 2211 tamen
1148 2133 1213 2196 hoc

118 2233 251 2303 solatio,
275 2232 362 2317 quod
383 2254 537 2295 novarum
557 2232 614 2295 silai
633 2232 748 2295 virium
767 2232 897 2295 accessio
925 2234 1007 2294 facta
1029 2241 1091 2311 est,
1111 2255 1211 2315 neque

118 2333 181 2394 iam
204 2334 235 2392 in
246 2332 343 2395 Gallia
362 2341 495 2409 tantum,
520 2330 572 2396 scd
595 2334 689 2395 etiam
713 2331 797 2415 apud
820 2341 924 2415 gentes
946 2341 1090 2411 caeteras,
1113 2330 1209 2417 quid-

117 2432 198 2517 quid
219 2432 334 2516 ubique
354 2432 530 2494 litterarum
549 2442 581 2495 ct
600 2434 776 2517 linguarum
797 2442 860 2512 est,
880 2433 939 2493 tuis
960 2432 1134 2515 praeconiis
1154 2454 1210 2493 re-

115 2532 251 2593 sonabit
272 2534 442 2594 eumenius
461 2532 533 2594 belli
562 2541 705 2615 tempore
727 2532 848 2615 optime
867 2530 906 2594 de
927 2533 1037 2613 Gallia,
1059 2552 1144 2593 secus
1167 2530 1206 2592 de

115 2632 167 2693 his
182 2652 261 2715 quos
271 2630 368 2693 hostes
383 2641 562 2715 temporum
577 2632 722 2716 iniquitas
738 2632 865 2711 fecerat,
880 2633 1008 2694 meritus
1022 2653 1108 2709 esses,
1125 2652 1211 2693 nnnc

115 2731 257 2815 populos
278 2751 378 2793 omnes
391 2753 550 2794 concessae
572 2733 655 2815 pacis
677 2754 807 2794 munere
828 2730 997 2793 devinxisti.
1022 2730 1210 2792 admirabilis

116 2840 168 2891 tot
189 2852 319 2907 vocum,
341 2840 390 2892 tot
419 2830 610 2907 studiorum,
642 2840 693 2893 tet
712 2832 874 2893 nationum
893 2839 1060 2892 concentus
1081 2830 1208 2907 existet,

115 2932 237 3015 gloriae
259 2939 331 2992 tuac
360 2952 493 3015 suaeque
525 2932 662 2993 felicitati
685 2920 921 3014 gratulantium
953 2932 986 2991 iu
1008 2953 1070 3014 quo
1092 2930 1210 3013 primas

116 3030 234 3093 eruditi
268 3030 437 3107 tenebunt,
480 3052 614 3116 quorum
647 3040 729 3093 artes
754 3030 850 3092 veluti
881 3032 1016 3091 alumnas
1048 3029 1207 3113 perpetuis

115 3130 285 3213 complecti
313 3132 470 3193 beneficiis
500 3154 536 3194 ac
565 3132 672 3193 fovere
703 3152 768 3192 non
789 3152 892 3193 cessas.
914 3140 1038 3213 patere,
1060 3129 1206 3211 Princeps

114 3231 380 3311 Eminentissime,
409 3254 509 3295 meam
539 3252 665 3316 quoque
696 3233 729 3293 in
760 3232 814 3291 illo
835 3240 1006 3308 concentu,
1026 3238 1080 3290 aut
1100 3230 1206 3311 potius

116 3330 270 3393 societatis
291 3340 416 3394 nostrae
435 3354 546 3394 vocem
566 3354 624 3415 per
645 3354 695 3394 mc
727 3340 939 3408 resonantem,
961 3329 1082 3404 audiri,
1103 3350 1206 3413 neque

117 3434 177 3493 iam
199 3430 377 3493 communia
405 3432 456 3493 illa
487 3442 518 3494 et
537 3433 568 3492 in
598 3453 703 3492 omnes
735 3452 838 3513 sparsa
853 3430 1003 3513 populos
1031 3428 1202 3500 beneficia,

115 3530 166 3593 scd
188 3531 375 3593 immortalia
395 3531 427 3593 in
448 3552 503 3592 nos
515 3532 626 3593 merita
647 3530 875 3603 celebrantem,
895 3529 948 3613 qui
970 3538 1001 3590 et
1019 3528 1122 3589 multis
1144 3528 1204 3587 iani

117 3628 238 3713 pridem
258 3631 315 3692 tihi
337 3652 439 3693 sumus
452 3632 625 3693 nominibus
648 3631 805 3708 obstricti,
828 3640 859 3691 et
877 3652 983 3690 recens
1005 3628 1079 3689 illud
1100 3651 1201 3713 quan-

118 3752 208 3813 qaam
230 3730 371 3792 omnium
392 3752 555 3795 commune
572 3732 655 3815 pacis
673 3730 857 3791 beneficium
878 3729 966 3790 nobis
981 3730 1112 3812 proprie
1132 3729 1200 3790 col-

117 3830 210 3889 latum
234 3830 436 3913 agnoscimus.
480 3850 551 3894 curn
573 3832 654 3894 enim
676 3830 809 3892 instituti
831 3830 929 3891 nostri
949 3831 988 3890 sit
1009 3840 1041 3891 ct
1060 3829 1196 3910 optima-

118 3950 186 3989 rum
218 3930 334 3993 artium
362 3930 535 4016 disciplinas
563 3916 733 4015 profiteri,
761 3952 896 4013 quarum
927 3930 1033 3990 studiis
1057 3928 1133 3989 nihil
1154 3936 1200 3987 est

115 4048 277 4090 armorum
296 4030 429 4114 strepitu
456 4032 609 4108 infestius,
631 4040 662 4092 et
686 4029 857 4093 excolendis
877 4029 1037 4090 hominnm
1059 4026 1201 4087 moribus

116 4126 239 4191 studere
261 4128 534 4216 profligandaeque
557 4131 720 4216 impietati,
743 4152 823 4215 quac
843 4129 996 4213 impunius
1018 4127 1099 4187 inter·
1119 4122 1200 4185 aaa
