2742 4617
425 268 640 338 uuuurunr
668 269 772 338 uuus
800 249 858 338 r'rr.
1079 244 1161 348 4¹1

80 434 226 521 Χριστονῖ
255 431 378 520 ἔγερσιν
405 433 423 499 d
449 435 675 522 εδαγγελιοτὴς
702 435 842 525 ἱστορεδ;
872 435 933 522 έγοὸ
957 435 1085 502 δέδοικα
1107 434 1169 519 μή·

78 558 157 602 ποτε
174 534 211 601 τὸ
234 537 336 600 odsosi
355 527 431 600 ἄντί
446 538 506 601 τοῦ
526 536 633 602 αὐτῶν
654 531 776 623 ὀφείλει
804 533 1097 620 ιίναγινοίσκεσθαι·
1127 534 1168 600 τὰ

79 631 141 718 γὰρ
172 630 307 714 σοι’ματο
336 635 439 699 έκεῖνα
464 632 547 716 μετὰ
566 633 625 718 τὴν
644 636 680 700 εἰι
700 637 819 720 νεκροῖν
841 635 968 720 ἔγερσιν
989 633 1094 700 ου’τοῖν
1115 635 1208 701 suiv.
1221 665 1264 717 ιηι

80 731 273 816 edesii-iones
299 733 346 809 εἰς
372 730 429 818 τὴν
459 732 553 817 ἁγίαν
571 733 664 798 πόλιν
684 737 740 798 καί
758 737 1010 824 ἐνεφανίσθησαν
1028 738 1164 807 πολλοῖς.
1176 747 1205 798 P.
1225 761 1273 797 sur

50 830 153 910 5τότε
175 830 214 916 δὴ
233 830 304 897 τότε
323 836 379 899 καί
402 833 616 921 ἧπροφητικῆ
643 831 736 920 ῥῆσις
756 833 850 916 ἔλαβε
873 839 972 918 πέρας
992 834 1011 916 ἢ
1034 836 1167 916 λέγουσα

42 956 47 964 ·
79 942 146 1010 τοῖς
159 935 194 997 έν
209 934 336 1013 δεσμοῖς
348 936 491 1010 ἐξέλθετε
504 934 559 998 καί
575 942 642 1010 τοῖς
662 936 697 999 ἐν
716 937 758 1021 τῷ
778 931 883 999 σκότει
897 927 1169 998 α’νοικαλύπτεοθε.

78 1031 232 1097 καὶκατὰ
252 1034 312 1114 μὲν
331 1029 390 1116 την
409 1035 500 1117 ἕκτην
521 1029 627 1117 ᾅραν,
657 1029 702 1108 ὥς
721 1057 820 1118 φασιν
840 1029 874 1096 οἱ
892 1035 1037 1118 γραφαί,
1069 1054 1168 1096 στασ-

79 1133 195 1218 ροῦται
216 1129 234 1196 ὅ
254 1131 370 1215 κύριος,
393 1132 472 1196 κατὰ
494 1133 531 1196 δὲ
547 1128 606 1217 την
625 1132 756 1217 έννοὶτην
775 1129 810 1198 τὸ
831 1137 956 1215 πνεῦμα
968 1141 1039 1208 ταῖς
1054 1153 1169 1214 πατρι-

77 1239 150 1309 καῖς
174 1233 273 1316 χερσί
295 1235 521 1316 παρατίθησιν.

28 1357 70 1401 ro
163 1333 205 1397 Εἰ
225 1332 261 1395 δέ
278 1329 335 1394 καί
352 1328 434 1415 πρὸς
457 1329 539 1419 ᾅδην
560 1331 685 1412 οἷκοόεις
712 1329 770 1416 την
790 1331 890 1396 ednod
911 1326 1053 1394 κατιέναι
1073 1327 1170 1411 ἁγίαν

76 1430 204 1516 ψοχὴν,
221 1432 267 1517 μή
282 1429 431 1512 θαύμαζε
451 1427 565 1497 τούτου
586 1433 699 1514 ἕνεκεν,
721 1432 878 1497 α’διῐνατον
894 1423 975 1494 εἶναι
995 1432 1094 1514 λέγων
1114 1427 1171 1493 καί

76 1530 158 1618 πρὸς
182 1528 265 1619 ᾅδην
291 1529 392 1616 αὐτην
418 1535 582 1595 κατελθεῖν
604 1533 661 1595 καί
682 1538 753 1607 ταῖς
774 1527 970 1614 τοῦπατρὸς
990 1529 1169 1614 παρατεθῆ-

74 1655 133 1697 ναι
151 1635 275 1716 χερσίν.
302 1629 403 1715 ἦγοὶρ
424 1635 483 1695 τοῦ
503 1633 584 1695 θεοῦ
599 1632 691 1715 χείρ,
713 1631 733 1716 ἡ
757 1629 795 1696 τὰ
819 1627 922 1695 πάντα
942 1627 1060 1714 δηλαδὴ
1090 1651 1165 1710 συγ-

74 1737 242 1816 κροτοῦσα
270 1730 417 1811 δύναμις,
451 1733 506 1796 καί
524 1724 592 1795 ἄνα
612 1729 698 1796 έστίν
719 1733 754 1796 ἐν
777 1731 900 1817 ον’ρανρῖ
926 1732 983 1794 καί
1009 1725 1091 1793 κοῖτον
1114 1725 1169 1792 ἐπί

25 1828 134 1915 εὸτῆς
152 1834 230 1914 γῆς,
254 1833 312 1896 καί
327 1833 392 1896 τῶν
411 1835 468 1896 τοῦ
486 1824 567 1918 ᾅδοο
588 1834 704 1913 μαχῶν
724 1831 763 1896 od
784 1832 939 1894 διαλείπει
959 1831 1043 1894 ποτέ.
1086 1823 1195 1897 dorso

74 1932 111 1995 εί
131 1929 188 1995 καί
216 1928 297 2015 πρὸς
317 1926 398 2017 ᾅδην
419 1929 440 2014 ἦ
461 1928 537 2014 ἁγία
565 1934 623 1995 τοῦ
642 1931 786 2015 Χριστοῦ
807 1926 896 2014 ungri
921 1929 1093 2013 τηνικαῦτα
1113 1951 1167 1990 κα·

72 2027 225 2114 πὴρχετο,
257 2029 339 2094 α’λλά
359 2035 418 2114 τῆς
437 2027 476 2094 τοὶ
498 2026 598 2095 πάντα
626 2027 861 2115 οογκρατοόσης
891 2025 1074 2110 δυνάμεως,
1109 2050 1167 2089 κα·
1263 2089 1266 2096 ,

72 2129 182 2213 θαπερ
205 2127 352 2211 εἴπομεν,
379 2131 420 2192 ον’
440 2127 701 2212 κατελιμποίνττο,
734 2128 797 2212 εἴγε
818 2130 873 2193 κατ’
891 2131 1013 2210 μᾶλλον
1032 2126 1169 2207 δύναμις

75 2229 138 2293 τοῦ
157 2227 277 2313 πατρὸς
295 2227 394 2304 αὐτός
413 2228 532 2294 έστινὸ
553 2229 704 2313 Χριστός,
727 2225 769 2305 ὥς
791 2223 807 2290 ὅ
829 2224 963 2302 flante:
985 2249 1075 2312 φησι.
1106 2249 1168 2288 πα-

25 2332 232 2413 οόρατίθησι
251 2329 311 2410 μὲν
334 2321 480 2404 οὖντοῖς
499 2337 663 2411 πατρικαῖς
687 2331 783 2412 χερσί
804 2326 860 2412 τήν
884 2325 1013 2410 ψυχήν,
1045 2323 1088 2400 ὥς
1119 2326 1167 2388 έν-

36 2434 41 2440 ’
75 2430 192 2496 resides
212 2426 269 2494 καί
285 2431 404 2502 πάσαις
424 2437 496 2503 ταῖς
512 2431 575 2492 τῶν
589 2428 720 2491 δικαίων
739 2433 864 2509 ψυχαῖς
882 2423 940 2510 τήν
960 2424 1014 2490 tut
1038 2421 1079 2489 sd
1100 2415 1167 2488 οἴνοο

76 2531 211 2618 πορείαν
225 2531 426 2617 χαρίσασθαι
447 2523 617 2615 (οὐδὲγὰρ
639 2519 780 2591 οἷπέθανε
803 2523 927 2612 δαρεοὶν
938 2520 1020 2614 ὑπὲρ
1032 2525 1164 2610 αὐτῶν),

149 2763 174 2800 s.
207 2741 241 2801 sd
260 2742 356 2801 atsur
372 2743 437 2800 dns
454 2745 508 2798 sod
524 2741 615 2798 adsoni
625 2743 768 2796 Μειιιιὶιιτ.

76 2963 141 3000 nem
158 2942 336 3016 apparuisse?
358 2960 454 2996 vereor
473 2944 600 3015 equidem
621 2961 656 2997 ne
673 2961 724 3015 pro
742 2943 874 2997 vocabulo
889 2945 949 2999 eius
965 2944 1110 3014 legendum
1129 2945 1164 2998 sit

76 3036 178 3072 coruus.
210 3033 272 3068 nam
290 3016 340 3067 ills
360 3032 473 3086 corpore
489 3026 632 3086 postquam
646 3033 661 3067 ο
673 3017 785 3069 mortuis
797 3019 954 3069 resuscitate
966 3025 1051 3081 erent,
1068 3014 1163 3067 urbem

76 3098 198 3142 sonetum
214 3088 334 3155 ingresse
351 3096 416 3139 sunt
431 3096 461 3139 et
476 3088 570 3140 multis
587 3097 779 3158 apparuerunt,
806 3097 870 3139 tunc
891 3096 919 3141 et
937 3087 1007 3139 illud
1026 3088 1095 3139 vatis
1117 3088 1164 3156 (Is.

76 3160 114 3226 49
130 3163 160 3229 9)
173 3159 312 3210 oraculum
329 3159 411 3210 finem
428 3157 534 3224 habuit„
553 3157 628 3228 quod
645 3159 760 3211 vinculis
778 3159 902 3228 alligatos
923 3159 996 3210 exire
1018 3158 1108 3221 iubet,
1135 3166 1164 3212 et

76 3231 108 3282 in
125 3228 246 3282 tenebris
263 3238 400 3282 versantes
421 3230 510 3280 lucem
534 3228 664 3299 accipere.
691 3229 754 3281 Fuit
772 3239 862 3282 autem
881 3230 949 3281 hors
967 3239 1049 3293 sextu,
1071 3245 1185 3299 quem--

77 3299 224 3352 admodum
249 3301 358 3353 litterae
378 3317 467 3352 sacrae
486 3300 656 3370 significant,
683 3299 806 3354 dominus
826 3301 981 3354 crucifixusr
1010 3317 1083 3354 nonu
1100 3315 1164 3352 vero

76 3371 202 3442 spiritum
219 3388 296 3423 suurn
313 3372 343 3423 in
360 3389 455 3423 munus
471 3382 596 3440 paternus
613 3371 748 3440 deposuit.

148 3443 190 3495 sd
218 3459 309 3494 orcum
332 3441 504 3494 descendisse
529 3459 589 3495 curn
615 3451 736 3496 sanctem
754 3442 840 3511 ipsius
862 3440 939 3494 audis
957 3441 1089 3504 enimam,
1108 3437 1165 3491 noli

77 3513 290 3583 obstupescere,
315 3530 407 3583 neque
432 3513 523 3565 dicere
551 3513 610 3565 fieri
637 3511 863 3583 haudquaquam
882 3513 1052 3583 potuissent
1069 3511 1164 3564 endem

76 3585 167 3636 noima
185 3587 312 3653 migraret
330 3585 365 3636 ud
383 3601 475 3636 orcum
492 3591 520 3636 et
537 3586 656 3654 paternis
670 3586 699 3636 in
712 3584 836 3636 munibus
854 3583 1044 3653 deponeretur.
1062 3584 1165 3654 quippe

77 3655 125 3708 dei
150 3672 260 3720 munus,
283 3655 414 3708 videlicet
437 3657 487 3708 itta
514 3657 658 3708 continens
686 3657 777 3708 omnin
794 3656 835 3706 vis
853 3659 882 3706 ‘et
900 3664 1035 3724 potestus,
1059 3662 1117 3706 tum
1134 3653 1164 3704 in

76 3728 155 3779 coelo
177 3737 219 3780 est
237 3745 353 3797 superne
371 3737 430 3779 tum
449 3728 479 3778 in
497 3729 574 3778 terris
593 3725 739 3789 deorsum,
765 3742 856 3795 neque
882 3726 951 3778 adeo
969 3726 1036 3795 ipsis
1054 3727 1089 3776 nb
1110 3725 1165 3777 orci

75 3799 184 3866 anguiis
201 3815 321 3868 unquurn
338 3798 425 3851 abest.
458 3815 512 3868 quo
530 3799 562 3850 fir
577 3807 610 3848 ut
627 3799 650 3848 si
668 3800 785 3850 maxime
803 3804 894 3850 sonctn
913 3796 1010 3848 Christi
1028 3797 1115 3848 anima
1136 3794 1166 3847 id

75 3871 206 3938 temporis
227 3869 263 3920 sd
281 3887 373 3921 orcum
390 3870 426 3920 sit
436 3868 567 3937 profecta,
586 3869 700 3921 minime
720 3879 809 3922 tamen
829 3885 845 3918 α
862 3868 888 3919 vi
901 3876 1092 3938 potestateque
1109 3868 1165 3930 illa,

75 3957 128 3992 ceu
147 3938 273 4004 diximus,
293 3941 383 3992 omnis
403 3940 563 3990 continente
581 3938 709 3992 obfuerit.
736 3941 818 3992 immo
838 3937 983 3992 dicendum
1001 3941 1094 4010 potius
1114 3957 1164 4008 po-

74 4012 191 4063 tentiam
208 4011 291 4081 petris
309 4014 396 4081 ipsum
413 4027 472 4062 esse
490 4010 642 4076 Christum,
669 4009 897 4098 quempdmodum
919 4012 1014 4063 Paulus
1035 4010 1163 4082 loquitur.

74 4081 191 4151 deponit
210 4083 294 4151 igitur
309 4083 425 4134 animem
444 4099 520 4134 suern
537 4093 663 4151 paternus
689 4085 716 4134 in
743 4100 854 4144 nunnus,
881 4092 912 4135 ut
930 4081 981 4133 hoc
998 4080 1079 4134 medo
1098 4097 1164 4132 urn-

75 4156 127 4206 etis
152 4154 285 4208 iustorum
303 4153 442 4208 snimsbus
460 4155 513 4208 iter
531 4153 567 4206 sd
585 4172 702 4228 superus
720 4155 905 4228 coelestisque
924 4153 1082 4224 largiretur:
1107 4169 1164 4206 non

84 4352 97 4384 ‘i
