2742 4617
463 220 676 287 tuumruu
706 220 809 285 aues
831 224 857 285 ι.
1145 224 1200 309 ορ

120 366 214 451 οόθις
247 374 507 460 ἐπιστρέφουσιν,
541 373 649 460 ἕπειόή
675 376 781 441 πᾶσαν
811 370 982 439 ἀπολαύειν
1011 372 1090 458 ἡμῖν
1120 368 1203 461 αύτη

116 477 300 559 χαρίζεται,
332 474 385 537 ἵνα
416 472 461 557 μή
489 471 524 539 τό
555 476 617 539 πᾶν
646 476 730 561 αὐτῇ
758 476 891 559 λογισθῇ
918 473 1086 539 κάντεύθεν
1104 462 1201 555 σέβας

117 574 201 663 ου’τῇ
219 575 401 659 προσαχθή,
422 572 556 653 δυνάμει
576 575 673 657 όήθεν
685 576 783 662 οἰκείρι
803 572 960 664 τοσούταν
978 573 1108 657 άγαθῶν
1124 572 1200 655 ήμῖν

115 674 200 761 αι’τάρι
221 673 425 758 γεγενημένῃ,
457 669 509 737 διά
529 677 622 737 τούτο
651 674 763 759 πρῶτα
781 676 841 754 μὲν
861 669 1062 737 ἐπικαλύπτει
1085 675 1241 756 ταύτηνλ.
1257 702 1286 739 ra

88 772 160 859 διήλ
182 767 279 835 sidon
311 770 365 835 καί
396 764 612 837 ἀκατάσκευον
645 780 745 856 ποιεῖ,
770 767 853 853 μετά
879 770 1036 835 δὲταῦτα
1058 768 1091 836 τό
1113 764 1201 857 ὕδωρ

114 874 162 946 είς
194 873 274 951 μίαν
294 864 474 954 ἐπισυνάγει
505 868 692 957 συναγωγήν
698 922 709 955 ,
737 868 794 937 καί
823 862 924 947 ούτοος
942 870 1081 955 όφθήναι
1100 895 1202 957 παρα-

113 969 264 1049 σκευάζει
285 964 395 1053 αύτήν.

196 1066 296 1135 Ἀλλά
317 1066 373 1133 καί
393 1072 487 1135 τούτο
507 1070 639 1155 ζητήσαι
660 1060 768 1152 ἄξιον,
791 1072 855 1133 πού
874 1063 1019 1153 συνήχθη
1038 1067 1074 1132 τό
1095 1063 1233 1155 ddum

113 1171 158 1243 οἱς
180 1171 328 1233 ἐντεῦθεν
343 1162 485 1253 όφθήναι
505 1164 562 1252 τήν
582 1168 691 1253 ξηράν,
715 1166 778 1251 εἴγε
798 1165 833 1231 τό
856 1166 1024 1250 πρόσωπον
1044 1162 1130 1231 ἅπαν
1149 1170 1205 1253 τῆς

72 1273 190 1354 ιογής,
214 1264 257 1345 οἳς
278 1290 375 1353 φησιν
396 1262 416 1349 ή
437 1264 564 1353 γραφή,
583 1278 648 1343 τοῖς
669 1264 785 1332 ύόασιν
803 1266 1000 1330 ἐκαλύπτετο.
1037 1267 1205 1342 Ἰουστῖνος

112 1364 129 1433 ὁ
151 1365 330 1453 φιλόσοφος
351 1365 406 1429 καί
433 1363 558 1453 μάρτυς
579 1369 725 1453 Χριστοῦ
743 1364 760 1432 ό
778 1367 877 1449 μέγας
894 1388 928 1429 rs
951 1361 1119 1440 Βασιλειός
1138 1389 1205 1452 φα.

112 1492 166 1535 σιν
184 1460 233 1533 ότι
264 1466 440 1551 κοιλότητες
468 1468 606 1551 ἐγένοντο
631 1467 802 1551 τηνικαῦτα
833 1462 914 1529 κατά
943 1469 1035 1529 θειάν
1064 1467 1206 1529 κέλευσεν

115 1569 187 1650 (καί
203 1561 375 1648 τοῦλόγου
402 1567 566 1651 μάρτυρες
599 1560 839 1651 άπαράτρεπιοι
861 1564 895 1627 αἱ
912 1562 991 1628 κατά
1015 1560 1131 1639 τόπους
1152 1560 1205 1627 εύ-

112 1665 301 1750 ριιικάμεναι
321 1666 445 1749 νῆσοι),
470 1668 527 1729 καί
549 1660 650 1741 οὕτως
679 1656 777 1729 αὗται
806 1662 841 1729 τό
870 1660 958 1749 ύόωρ
979 1658 1206 1747 ύποχαλασθὲν

74 1766 274 1844 ιόὲόέξαντο.
325 1766 355 1829 εἰ
380 1762 423 1846 μή
454 1761 515 1847 γάρ
545 1762 691 1849 συνήχθη
720 1762 756 1829 τό
776 1760 865 1847 {idme
900 1766 935 1829 όν
952 1772 1022 1839 ταῖς
1042 1760 1205 1840 τοιαύταις

115 1862 313 1947 κοιλότησιν,
336 1862 393 1925 οόκ
414 1856 453 1927 άν
470 1864 736 1949 ἀποκαλυφθῆναι
768 1859 912 1948 ἔφθασεν
933 1862 952 1944 ή
973 1860 1063 1945 ξηρά.
1105 1860 1205 1944 ἄλλο’,

116 1965 305 2047 κηδεμονίας
322 1964 403 2025 θεοῦ
410 2008 420 2039 ,
454 1961 509 2025 καί
534 1956 649 2044 νήσους
676 1958 738 2043 γάρ
772 1968 843 2034 ταῖς
865 1958 1020 2042 κοιλότησι
1044 1969 1206 2044 προσεῖναι
1271 2012 1274 2016 ,

116 2058 342 2145 παρεσκεύασε.
384 2056 468 2133 τίνος
486 2060 611 2139 ἓνεκινς
633 2052 716 2123 aiore
736 2057 809 2132 τούς
828 2058 1089 2139 ναυτιλλομένους
1108 2060 1236 2132 ἐκεῖσεο

116 2154 385 2240 διαναπαύεσθαι,
407 2154 499 2241 ήνίκα
514 2156 571 2223 κιιό
579 2157 699 2239 μᾶλλον
710 2150 905 2242 ὁδοιπορίαις
916 2164 1056 2241 μακραῖς
1075 2149 1209 2231 ἑαυτούς

67 2258 291 2325 νοέκόιδόασι.

202 2358 261 2440 Μή
283 2354 430 2437 θαύμαζε
446 2356 481 2419 δὲ
501 2350 564 2439 εἴγε
584 2357 726 2436 ποτίμων
740 2346 836 2419 όντων
855 2355 919 2417 τάν
939 2354 985 2428 εἷς
1005 2349 1062 2437 τήν
1082 2348 1204 2419 θάλασ-

113 2480 179 2523 σαν
198 2452 378 2539 εἰσρεόντων
409 2451 536 2521 όόάτοον
570 2452 699 2541 ἁλμυρά
725 2448 806 2539 μόνη
829 2447 911 2540 ούτη
928 2452 982 2519 καλ
1003 2445 1119 2529 άποτος
1139 2455 1204 2521 δεί-

198 2659 219 2695 ι.
238 2658 272 2695 an
288 2640 462 2701 α’πόλαυσινῒ

113 2830 250 2892 redeunt,
270 2837 298 2881 et
315 2829 423 2900 qnando
439 2845 470 2883 ea
489 2830 607 2899 quemvis
625 2831 741 2883 fructum
759 2830 838 2884 nobis
856 2832 980 2900 largitur,
997 2847 1032 2883 ne
1050 2829 1093 2883 illi
1113 2831 1202 2883 omnia

113 2902 315 2965 tribuerentur,
333 2918 418 2971 eaque
434 2900 467 2953 de
486 2918 565 2953 causa
582 2902 668 2953 cultus
689 2902 799 2973 quidam
816 2902 956 2954 accederet
974 2910 1101 2971 tauquam
1117 2903 1144 2951 vi
1160 2902 1201 2953 la-

112 2972 272 3040 cultateque
293 2988 340 3023 sua
359 2981 401 3024 tot
424 2972 496 3023 bona
515 2970 593 3023 nobis
610 2974 774 3042 proferenti,
803 2974 897 3024 iccirco
915 2974 980 3024 deus
999 2974 1073 3024 illam
1087 2972 1202 3041 primum
1234 3018 1237 3025 τ

112 3060 186 3112 aqua
207 3042 274 3110 tegit
291 3051 319 3094 et
336 3043 484 3094 inornatam
504 3042 650 3112 rudemque
662 3043 772 3107 condit;
793 3043 891 3095 deinde
911 3062 1006 3113 aquam
1017 3045 1045 3094 in
1062 3043 1202 3095 collectio-

113 3129 177 3165 nem
195 3130 275 3163 uuam
292 3114 383 3181 cogit,
401 3122 429 3165 ut
450 3130 482 3165 ue
500 3112 552 3164 boc
570 3113 677 3167 taudem
695 3114 776 3166 modo
795 3124 890 3167 terram
910 3115 1027 3169 iustruit.

186 3182 244 3233 lloc
263 3184 344 3235 etiam
367 3200 383 3235 a
407 3202 442 3235 uo
463 3186 484 3235 is
501 3185 530 3235 iu
570 3184 602 3235 iri
629 3186 746 3254 pretium
767 3202 864 3253 operae
886 3185 984 3247 luerit,
1002 3184 1114 3235 ubinam
1130 3200 1201 3255 aqua

114 3253 233 3305 collecta
251 3253 347 3317 tuerit,
367 3263 399 3306 ut
412 3256 510 3307 siccum
550 3254 656 3324 einceps
682 3257 894 3324 conspiceretur,
913 3258 935 3308 si
951 3254 1059 3325 quidem
1078 3256 1201 3308 universa

112 3333 201 3376 terrae
227 3325 399 3395 superficies,
426 3324 649 3396 quemadmodum
672 3343 762 3377 sacrae
791 3327 896 3378 litterae
924 3325 1051 3387 madunt,
1073 3324 1106 3375 ab
1125 3328 1202 3395 aquis

113 3393 308 3447 occultabatur.
328 3394 361 3447 de
381 3396 432 3447 boc
451 3398 569 3449 Iustinus
588 3396 636 3447 ille
658 3394 835 3467 philosophus
858 3414 889 3448 ac
913 3398 989 3449 testis
1006 3394 1122 3459 Christi,
1144 3413 1201 3447 usa-

113 3482 236 3535 gnusque
262 3466 376 3517 Basilius
403 3466 495 3519 dicunt
519 3466 644 3519 mandato
671 3466 762 3519 divino
789 3476 844 3519 tum
870 3468 1047 3519 concavitates
1074 3465 1201 3536 quasdam

114 3553 171 3589 esse
191 3536 284 3587 factas.
304 3538 378 3588 cuius
397 3539 434 3589 rei
454 3547 534 3591 testes
554 3538 609 3590 sint
625 3536 744 3601 insulae,
762 3538 845 3589 nullis
865 3539 943 3590 certis
961 3536 1108 3605 descriptae
1127 3539 1201 3604 locis,

115 3624 183 3675 quae
212 3608 312 3675 passim
329 3608 506 3676 reperiuntur.
529 3626 575 3661 eae
595 3610 774 3660 concavitates
798 3610 869 3661 intra
893 3626 922 3659 se
943 3607 1082 3659 demissam
1105 3626 1202 3679 aquam

116 3686 282 3746 receperunt
303 3676 377 3749 quod
394 3680 445 3729 nisi
462 3680 560 3731 lactum
580 3679 690 3742 luisset,
714 3696 768 3729 uon
795 3679 906 3731 dixisset
930 3677 1018 3729 Moses
1046 3678 1203 3751 adapertum

114 3749 212 3799 siccum
232 3750 394 3818 apparuisse.
437 3750 565 3801 uiuetiam
584 3752 611 3822 (o
627 3751 759 3819 insignem
775 3748 820 3801 dei
837 3766 927 3800 curam
945 3748 978 3801 de
996 3747 1073 3802 nobis
1090 3770 1121 3802 ac
1138 3768 1202 3820 pro·

113 3818 273 3889 videntiam)
290 3766 443 3871 huiusmodi
462 3820 670 3873 concavitatibus
687 3820 788 3872 insulas
806 3820 939 3875 adiunxit.
956 3838 1003 3872 cur
1017 3819 1064 3886 id,
1083 3818 1201 3892 quaeso?

113 3898 144 3941 ut
162 3890 368 3959 tempestatibus
387 3890 476 3943 iactati
493 3889 691 3945 homines-istic
716 3892 929 3963 requiescerent,
946 3892 1052 3962 quoties
1072 3888 1202 3959 longiori·

112 3958 163 4011 bus
186 3959 328 4013 itineribus
345 3978 404 4013 sese
425 3960 564 4014 dederunt.

184 4030 243 4082 Nec
268 4040 310 4083 est
334 4030 408 4101 quod
424 4033 526 4083 mireris
555 4048 636 4101 aqum
658 4030 767 4100 quidem
791 4032 821 4082 iu
844 4047 915 4083 nure
932 4030 1046 4083 ficientes
1063 4028 1203 4079 dulcesce

111 4098 251 4171 potabiles
268 4118 344 4167 esse,
362 4103 449 4172 ipssuu
465 4111 556 4155 autem
573 4118 645 4155 mare
665 4110 769 4156 tantum
785 4118 902 4155 amarum
918 4118 970 4155 nec
986 4084 1038 4151 ulli
1057 4096 1091 4149 sd
1107 4103 1201 4164 potum
