2742 4617
420 192 652 300 ‘susurrus
680 232 784 300 runs
802 237 856 298 m.
1090 204 1179 318 399,

90 408 150 474 τοῦ
178 401 348 489 Λαζάρου.
402 397 482 489 ῦλλη
512 407 549 470 (lh
576 405 597 488 ἦ
627 405 715 489 παρὰ
749 407 806 490 τῆς
831 406 931 480 οἰκίας
958 405 1100 485 Σίμωνος
1120 405 1178 467 τοῦ

90 510 227 591 λεπροῦ·
271 501 369 590 πόρνη
391 504 427 568 δὲ
444 499 526 588 αῦτη
549 505 774 587 προσελθοῦσα
793 507 835 592 τῷ
856 503 986 590 Χριστοῦ
997 552 1006 582 ,
1027 499 1135 578 καθώς
1158 499 1178 565 ό

90 609 266 680 Morietur
300 602 426 688 ἱστορεῖ.
479 606 535 667 κατ’
560 599 655 685 ἑτέρα
682 602 783 688 πόρνη
816 601 931 684 πόλιν,
960 599 1004 680 οῦς
1039 599 1175 687 φησινῦ

91 707 242 782 Λουκᾶς,
263 702 283 787 ἦ
307 704 527 786 προσελθοῦσα
550 700 637 785 παρὰ
666 705 705 791 τῇ
726 705 808 790 οἰκίη
829 705 971 784 §illusor
992 705 1051 766 τοῦ
1074 705 1177 784 Φαρι-

60 807 204 887 Saum,
223 805 280 870 τοῦ
300 801 356 868 κατ’
385 805 668 877 messanensem
697 804 747 866 ἐπ’
777 804 866 890 nurui
893 805 937 890 τῷ
963 805 1095 890 Χριστρῑ
1123 803 1178 864 κατ’
1233 821 1235 826 ·

88 902 191 980 οῦτας
210 901 348 978 εἰπόντος
371 903 422 982 ,,ει’
440 899 605 988 προφήτης
625 893 685 986 ἦν,
705 898 784 985 ἔγνω
804 895 845 966 όν
868 895 962 967 όποδα
986 903 1034 978 τός
1054 895 1178 986 ἐστινὴ

86 999 237 1088 ἁψαμένη
256 1001 383 1069 αότοῦ.”

176 1099 257 1168 Οἶδα
277 1104 332 1182 δέ,
363 1102 524 1184 δγατητὲ,
546 1096 596 1166 ότι
618 1098 675 1164 κατ’
692 1098 751 1184 την
771 1101 1018 1188 μετοιμόρφοοσιν
1040 1103 1099 1166 τοῦ
1120 1123 1178 1164 ειν·

90 1208 163 1287 ριὀο
178 1203 274 1288 ’ἡμῶν
288 1201 403 1286 Ἰησοῦ
414 1203 559 1286 Χριστοῦ
579 1202 620 1287 τῇ
637 1191 759 1288 μεγάλη
778 1205 903 1286 τετράδι
925 1203 1075 1285 γενέσθαι
1097 1204 1179 1274 τινὲς

43 1303 323 1384 τοοῖπομόχονται.
374 1298 456 1385 πλὴν
483 1298 502 1363 ό
531 1296 623 1383 λόγος
651 1295 777 1378 αῦτιῦν,
811 1301 856 1376 τός
876 1299 982 1384 ἔμοιγε
1003 1302 1103 1384 δοκεῖ,
1123 1301 1181 1363 καί
1227 1285 1231 1298 ’

91 1407 164 1469 λίαν
195 1401 282 1467 ἐστὶν
308 1397 538 1475 ἀναπόδεικτος.
589 1401 620 1464 εἰ
649 1397 712 1483 γόρ
739 1396 775 1464 τό
821 1403 936 1482 θαῦμα
968 1401 1061 1465 τοῦτο
1096 1395 1275 1472 νατόΡ.ι·ι5

91 1504 130 1569 τό
164 1500 332 1585 Θαβτόριον
361 1494 433 1584 όρος
466 1500 607 1582 ἐγένετο,
641 1500 676 1563 δν
700 1495 935 1582 Ἱεροσολύμοις
968 1501 1004 1565 δὲ
1032 1497 1178 1584 όιιόρτος

91 1599 174 1670 κατά
201 1625 237 1685 γε
277 1599 337 1684 τὴν
370 1599 510 1684 μεγάλην
550 1598 687 1683 τετράδα
723 1598 811 1683 παρὰ
847 1601 885 1686 τῇ
921 1601 1003 1686 οἶκόηι
1038 1602 1180 1680 Σίμωνος

91 1705 152 1768 τοῦ
174 1703 291 1786 λεπροῦ
313 1694 501 1780 ἑστιώμενος
523 1691 583 1783 ἦν,
612 1702 759 1784 φαίνεται
786 1702 958 1786 προφανοῦς
980 1697 1023 1776 οῦς
1045 1701 1079 1764 ἐν
1098 1691 1180 1785 itin

42 1806 217 1884 15ylyom
244 1799 347 1889 ἡμέρη
364 1797 398 1865 τό
420 1802 475 1882 τῆς
501 1795 779 1884 μεταμορφώσεως
807 1801 922 1880 θαῦμα
952 1799 1008 1863 καί
1037 1798 1076 1863 οδ
1097 1795 1179 1864 κατὰ

91 1899 151 1984 τὴν
174 1899 312 1982 τετράδα
341 1897 466 1973 πάντας
497 1895 606 1980 αδτήν.
659 1899 692 1962 εἰ
709 1897 770 1980 γὰρ
799 1893 958 1979 ἇναμέσον
978 1901 1037 1963 τοῦ
1055 1919 1089 1962 τε
1111 1899 1180 1963 Θα-

89 1997 160 2083 βιόρ
188 1999 245 2063 κατ’
274 2001 338 2064 ταῖν
359 1993 592 2080 Ἶεροσολόμαν
620 1993 699 2060 moes*
726 1997 785 2060 δύο
820 1997 946 2081 ἡμεροῦν
974 1995 1110 2082 ῦπᾶρχει
1141 1996 1176 2062 τό
1255 2064 1259 2075 ,

92 2099 253 2182 διάστημα
261 2149 271 2179 ,
294 2100 359 2172 ποῦς
379 2094 490 2162 λοιπόν
511 2097 545 2160 ὲν
564 2099 624 2181 μιᾷ
645 2096 748 2184 ἡμέρη
769 2099 807 2184 τῇ
829 2099 910 2183 αδτῇ
930 2097 1072 2181 λέγουσιν
1091 2093 1126 2162 όν
1145 2119 1179 2160 τε

93 2198 212 2282 Θαβτόρ
236 2197 411 2280 εὑρεθῆναι
441 2198 496 2259 καί
524 2196 560 2258 εἰι
582 2194 819 2278 Ἱεροσολύμοις
844 2195 896 2260 τόν
917 2195 1055 2280 Χριστόν
1063 2223 1074 2278 ,·
1100 2195 1180 2280 ἠδό-

40 2325 82 2368 no
91 2321 167 2364 νατο
187 2302 246 2379 μὲν
276 2289 334 2360 σόν
363 2291 405 2371 ὥς
425 2293 499 2370 θεὸς
532 2287 597 2358 οἶδε
626 2289 751 2360 κάκεῖσε
780 2299 846 2360 κατ’
870 2294 969 2360 αδτόν
989 2293 1160 2380 εὑρεθῆναι
1168 2345 1178 2377 ,

92 2401 164 2466 αλλ’
181 2399 235 2462 ἳνα
263 2395 309 2479 μη
339 2398 503 2481 φαντασία
531 2397 696 2478 νομισθειή
728 2393 762 2458 τό
787 2397 935 2478 πρᾶγμα,
959 2397 1020 2482 πρό
1040 2397 1096 2462 τοῦ
1118 2393 1178 2460 πό-

90 2503 171 2573 θους
189 2500 283 2561 τοῦτο
304 2497 433 2580 ποιῆσαι
452 2494 510 2557 οῦν
530 2485 653 2579 ἢθελεν.
680 2491 772 2560 ἔνθεν
793 2517 840 2561 εσι
862 2494 917 2560 κατ’
934 2493 1014 2562 sord
1035 2494 1090 2582 εη’ν
1111 2511 1206 2564 τισι-Β

92 2767 150 2818 rint
169 2765 279 2814 omniuo
300 2770 355 2815 tres
368 2759 478 2812 suerint.
496 2759 590 2811 horum
608 2775 661 2810 une
674 2767 732 2812 eret
744 2760 791 2812 illo
809 2760 884 2812 cuim
898 2761 1064 2814 mentionem
1080 2761 1179 2812 Iohan-

35 2833 43 2845 ”
92 2853 143 2890 nes
161 2835 240 2897 lecit,
259 2833 358 2884 mulier
382 2840 455 2883 certe
473 2831 612 2900 praeclare
630 2831 779 2900 Laturique
808 2849 889 2884 soror.
910 2832 1089 2892 ulteriorem,
1108 2849 1180 2901 quse

93 2925 156 2960 cum
175 2916 255 2958 antee
279 2920 308 2955 se
334 2902 536 2971 prostituisset,
562 2904 591 2952 in
615 2901 696 2952 domo
716 2903 833 2953 Simonis
861 2903 961 2972 leprosi
989 2902 1024 2953 sd
1045 2903 1180 2956 Christum

92 2979 221 3038 accessit,
247 2983 279 3028 ut
295 2972 449 3024 Matthaeus
476 2979 576 3026 narrat,
594 2973 674 3024 tertia
691 2987 754 3024 vero
784 2973 888 3042 etipsa
906 2973 1033 3026 meretrix
1054 2982 1129 3037 eret,
1148 2983 1180 3028 ut

92 3051 180 3102 Lucas
198 3048 224 3116 (7
245 3045 291 3116 39)
317 3044 437 3106 indicet,
464 3060 536 3112 quse
555 3042 691 3094 Christum
716 3044 745 3094 in
770 3043 884 3095 sedibus
907 3043 1023 3096 Simonis
1041 3045 1180 3098 Pharisaei

91 3119 234 3182 convenit,
258 3116 355 3168 offensi
382 3112 467 3166 escle
486 3131 581 3174 conso,
600 3129 746 3182 secumque
770 3115 851 3167 verbs
869 3113 1023 3166 huiusmodi
1042 3115 1178 3184 prolocuti

91 3193 132 3256 „si
150 3197 224 3242 votes
241 3187 287 3239 hic
306 3187 387 3251 soret,
405 3185 575 3256 cognovisset
592 3200 726 3254 quaenam
739 3183 806 3238 hoec
824 3187 871 3249 sit,
895 3201 966 3256 quse
985 3187 1075 3256 ipsum
1093 3193 1179 3240 etlre·

91 3263 183 3316 eterit.

163 3331 226 3384 Scio
252 3344 381 3399 quoque,
409 3326 509 3379 dilecte
539 3325 593 3390 lili,
618 3324 750 3396 quosdam
775 3325 945 3378 contentiose
969 3323 1120 3396 disceptare
1146 3344 1178 3380 ec

90 3403 220 3456 adserere
233 3399 495 3452 transformationem
511 3395 613 3450 domini
624 3398 711 3450 nostri
720 3399 781 3450 lesu
790 3395 888 3450 Christi
901 3412 995 3464 mogus
1013 3398 1062 3449 illo
1081 3408 1178 3468 quarte

92 3475 161 3526 seria
180 3474 278 3525 iactum
295 3488 371 3524 esse:
389 3485 482 3520 rerum
500 3485 534 3521 ee
553 3469 622 3521 rstio
649 3485 703 3537 qna
727 3470 868 3528 nituntur,
886 3467 951 3518 mihi
971 3467 1082 3536 quidem
1099 3468 1178 3522 risle.

91 3554 139 3598 tur
155 3562 249 3614 pamm
264 3557 323 3594 esse
341 3539 500 3611 probabilis.
517 3556 580 3592 nom
598 3541 621 3590 si
640 3538 794 3608 prodigium
814 3537 924 3607 quidem
942 3537 1016 3591 istud
1036 3540 1065 3591 in
1084 3549 1178 3594 monte

90 3615 219 3668 'l'hsbore
243 3613 361 3676 accidit,
391 3621 504 3664 atvero
532 3610 657 3662 dominus
685 3609 880 3675 Hierosolymis
908 3609 953 3660 die
973 3625 1085 3680 magnes
1101 3611 1178 3666 iltius

90 3695 205 3758 quartos
221 3687 306 3738 serius
324 3684 353 3735 in
369 3682 484 3737 Simonis
504 3681 605 3751 leprosi
622 3681 703 3733 domo
724 3681 834 3732 convivo
853 3687 925 3742 emt,
940 3683 1083 3736 manifesto
1100 3691 1178 3752 petet

89 3759 251 3812 miraculum
269 3756 323 3808 hoc
347 3753 592 3807 transformationis
615 3769 671 3804 non
698 3753 750 3804 islo
776 3760 871 3820 quarta
897 3750 965 3802 seria
992 3752 1041 3804 sed
1059 3754 1114 3806 elio
1131 3754 1177 3808 die

91 3828 209 3899 quodam
228 3826 382 3894 contigisse.
400 3825 447 3894 qui
468 3841 503 3894 pe
522 3841 582 3876 cum
602 3839 679 3874 mons
697 3821 809 3874 Thobor
827 3822 860 3872 ab
880 3823 1072 3890 Hierosolymis
1091 3827 1178 3878 inter-

89 3901 164 3952 vello
190 3900 274 3952 duum
302 3897 408 3948 dierum
430 3842 518 3958 sirit,
537 3911 593 3964 quo
617 3894 728 3946 tandem
746 3901 825 3961 pacto
844 3891 937 3946 dicent
955 3911 1008 3946 uno
1025 3895 1176 3966 eodemque

91 3971 138 4022 «lie
154 3969 291 4022 Christum
318 3977 347 4020 et
374 3969 403 4019 in
422 3975 515 4020 moute
541 3963 668 4017 Thnhore
685 3965 787 4034 pariter
807 3972 836 4017 et
861 3965 1052 4033 Hierosolymis
1076 3967 1176 4022 luisse?

91 4050 200 4111 poterat
225 4043 273 4092 ille
292 4038 403 4108 quidem
433 4055 481 4088 ceu
510 4037 577 4089 deus
601 4037 710 4090 ellicere
734 4044 766 4087 ut
782 4035 878 4088 eodem
902 4045 1094 4104 temporetam
1115 4038 1176 4090 heio

91 4129 175 4183 quom
208 4113 266 4164 illic
291 4111 468 4181 reperireturs
497 4125 590 4163 verum
617 4123 652 4160 ne
678 4106 709 4165 ,id
740 4123 790 4176 pro
825 4123 853 4158 re
881 4105 997 4178 rilindem
1018 4109 1175 4180 imaginarie
