2742 4617
452 253 664 321 amittunt
693 252 795 319 usus
822 209 852 318 r.
1109 253 1182 312 ιιι

109 413 140 480 oi
161 413 393 500 φριεητιάντες.
440 401 518 473 ὅθεν
550 406 609 472 καί
636 403 673 472 τό
693 404 796 472 σίελοι
817 407 927 482 σίτοις
949 405 1041 480 frider
1068 409 1189 490 γίνεται

110 513 165 579 καί
182 511 358 596 ξηρότερον.
400 500 451 573 ότι
471 509 508 572 δὲ
527 508 745 591 ἒνπσρσύνται,
767 507 860 590 δῆλον
878 507 912 569 ἐκ
931 509 989 570 τού
1003 507 1191 588 ἀσθμαίνειν

107 615 232 686 πυκνοῖς
252 610 307 674 καί
328 605 510 692 πσρλύύητύ
532 597 658 690 ὄμματα
677 601 764 688 ἔχειν
776 603 830 669 καί
849 603 1042 694 ἠνεῳγμένον
1059 603 1095 671 τό
1118 607 1192 674 οτό.

107 736 154 790 μοι
184 707 266 795 πρός
289 705 427 790 ἔμψσξιν
452 707 557 792 ἀέρος.
608 709 746 771 tondes
777 707 813 770 ύὲ
841 705 882 768 ου’
901 701 1014 781 πάντες
1033 705 1064 771 οἱ
1084 705 1191 791 κύνες,

80 811 180 877 ὅάλλί
212 804 341 892 ὅσοιπερ
374 808 408 871 ἐν
436 804 561 896 τούτοις
585 803 753 890 ξηρότεροι.
803 805 885 880 τινός
911 805 946 870 δέ
967 829 1046 892 φασι
1067 806 1121 872 καί
1136 805 1222 874 rire

108 908 191 974 arira
210 907 247 973 τύ
269 900 384 990 ἄστρον
408 905 650 990 συμβάλλεσθαι
680 901 758 969 κατό
779 927 851 972 τινα
879 905 1053 988 ἀπόρροιαν
1073 903 1193 983 τούτοις

108 1003 191 1091 πρός
209 1004 268 1091 τίην
286 1006 416 1070 λύσσαν.
458 1002 678 1088 λσττήσαντες,
700 1003 785 1070 καθά
806 1026 887 1089 φησι
909 1006 1044 1081 Παῦλος
1065 1003 1083 1069 ό
1105 1003 1195 1072 Σινό-

109 1131 208 1191 πτης,
236 1107 293 1171 καί
322 1105 441 1191 βρῶσιν
468 1103 525 1168 καί
541 1098 634 1169 πόσιν
661 1103 929 1190 ἀποστρέφονται,
958 1101 1062 1170 σίελον
1082 1106 1119 1170 δὲ
1140 1104 1197 1171 καί

110 1209 249 1287 δαψιλὲς
276 1203 334 1269 siai
358 1203 508 1290 ἀφροόδες
536 1202 670 1290 ἀφιᾶσι,
700 1205 756 1268 καί
775 1197 899 1292 ἄφωνοι
917 1205 1074 1270 τούπίπαν
1096 1205 1194 1286 εἰσίν,

64 1335 104 1378 10
112 1303 193 1389 πρὸς
216 1306 253 1370 di
264 1303 321 1370 καί
338 1295 486 1391 ἄφρονες,
507 1302 552 1380 τός
568 1306 651 1388 μηδὲ
668 1302 743 1382 τούς
758 1307 891 1382 οἰκείους
903 1305 1075 1390 γνωρίζειν.
1096 1305 1195 1392 ἔφορ-

109 1408 199 1488 μοόσι
220 1406 258 1470 δύ
276 1400 353 1469 κἀτύ
382 1401 497 1478 παντός
515 1405 616 1488 χωρίς
642 1401 761 1489 ύλακῆς
781 1403 837 1469 καί
855 1403 1025 1484 ύύκνοιισι,
1052 1403 1108 1468 καί
1137 1399 1196 1468 ύά-

109 1495 487 1588 ννοντεςούύὲνόχληρόν
505 1507 702 1592 παραχρῆμα
724 1507 868 1591 φέρουσι,
887 1501 968 1589 πλὴν
990 1497 1064 1570 ὅσον
1082 1499 1196 1588 σ’όύνην

110 1603 174 1688 τη“ν
190 1605 226 1668 ta
247 1605 304 1668 τού
327 1600 515 1686 τραύματος.
562 1599 696 1688 ύστερον
719 1605 754 1668 di
774 1601 878 1680 πόθος
899 1605 1066 1686 ἐμποιοῦσι
1086 1603 1120 1669 τό
1140 1627 1196 1668 κα-

110 1699 266 1784 λούμενον
283 1700 493 1788 ύόροφόβιεν·
533 1702 687 1790 φεύγουσι
703 1699 763 1789 γὰρ
779 1704 814 1768 τὸ
835 1701 924 1788 ύύιορ
939 1701 968 1768 οἱ
989 1700 1198 1789 λσσσόύηντσι

65 1804 169 1872 ussat
190 1802 324 1889 ὁρῶντες
350 1800 431 1866 adri
466 1805 522 1866 ιἰαί
548 1799 809 1889 προσφερόμενοι.
860 1801 938 1869 ἔνιοι
960 1805 997 1870 δὲ
1020 1804 1124 1868 adadu
1142 1805 1230 1872 καίΙ)

112 1897 222 1984 ὥσπερ
241 1901 331 1978 κύνες
349 1895 519 1967 ύλακτούσι
538 1904 595 1968 καί
613 1901 782 1968 δάκνουσιν
806 1902 964 1986 ἐπιόντες,
991 1906 1046 1968 καί
1066 1902 1195 1968 δάκνον.

110 2025 164 2078 τες
184 1999 282 2066 αἴτιοι
300 2002 356 2066 τού
377 2002 474 2067 αύτού
494 1999 618 2077 πόθους
638 2005 841 2088 κατέστησαν.
862 2001 882 2088 ἢ
904 2006 940 2068 δὲ
959 2005 1021 2070 τιόν
1043 2028 1195 2083 σσμπται.

112 2098 226 2183 μάτων
245 2101 333 2165 αίτία
354 2103 419 2165 τοῖν
448 2103 508 2182 μὲν
528 2095 631 2166 ἄλλων
657 2096 813 2187 εύύηλος·
853 2099 1048 2189 κατειληφώς
1067 2102 1126 2185 γὰρ
1149 2101 1197 2180 ι’ός

114 2197 156 2266 τό
176 2197 277 2285 μύρια
296 2200 397 2266 πάντα
411 2199 466 2266 καί
483 2199 581 2266 αύτόν
591 2197 648 2266 τόν
667 2205 838 2289 ἐγκέφαλον
855 2205 989 2267 τοιαῦτα
1011 2204 1103 2288 φέρει
1115 2226 1198 2283 σύμ·

66 2325 109 2368 ao
117 2298 279 2383 στύματα
319 2303 379 2364 τού
399 2302 435 2364 sii
455 2305 627 2386 φοβεῖσθαι
645 2298 681 2365 τό
713 2296 800 2387 dtus
820 2303 902 2376 τινὲς
923 2301 982 2384 μὲν
1000 2297 1123 2388 ἔφησαν
1142 2300 1197 2366 tot

115 2397 174 2486 τὴν
193 2392 333 2488 ἄμετρον
349 2398 493 2485 μ’νεσθαι
515 2396 682 2487 ξηρότητα,
704 2394 756 2468 σία
775 2403 933 2478 παντελῶς
950 2399 1199 2488 η’λλοτριιομένης

190 2605 215 2658 η.
233 2585 359 2654 turrinus
373 2585 413 2653 V,
430 2586 569 2655 συνύπτης
586 2586 722 2642 Lahbeua.

118 2732 236 2804 perinde
252 2740 336 2804 atque
365 2732 408 2784 illi
426 2733 474 2804 qni
501 2733 606 2786 exivera
630 2733 665 2787 de
695 2740 836 2803 potestate.
860 2750 915 2804 quo
944 2733 977 2788 iit
998 2741 1030 2787 ut
1047 2741 1075 2786 et
1091 2733 1201 2787 saiivam

119 2805 261 2856 sicciorem
280 2813 309 2857 et
335 2812 496 2856 venenatam
507 2803 648 2868 ‚habeant
677 2813 706 2856 et
726 2805 883 2858 inflammari
901 2820 948 2856 eoa
965 2805 1009 2859 vel
1027 2805 1090 2857 inde
1108 2813 1200 2874 patet,

120 2875 196 2945 qnod
214 2874 384 2945 frequentius
405 2873 553 2937 anhelant,
578 2875 670 2927 oculos
694 2873 799 2928 habent
825 2874 960 2928 flammeos
986 2883 1015 2928 et
1030 2891 1060 2927 oa
1078 2883 1202 2944 apertum

118 2954 231 3016 prepter
249 2946 319 3002 aeds
337 2945 574 3014 refrigerationem.
586 2961 637 3000 nes
654 2944 740 2998 rabies
757 2945 825 2998 haec
841 2962 920 2999 ennea
941 2961 1032 2998 omnes
1049 2954 1136 3010 vexat,
1154 2945 1203 2998 sed

120 3034 167 3068 eos
177 3017 442 3138 wg·{¹cCi⁰r9⁸J¹¹flm
454 3016 687 3140 mnffldff
696 3016 768 3068 sidus
779 3015 864 3102 'illud’
876 3017 950 3087 quod
968 3033 1061 3138 erasnm
1080 3015 1204 3080 dicimus,

117 3103 207 3140 nonna
229 3105 237 3136 1
305 3103 345 3139 ass
378 3103 468 3140 eum
504 3104 539 3138 uo
617 3105 632 3138 a
684 3104 761 3139 orum
777 3103 909 3139 insaniam
926 3103 1054 3140 conerre.
1069 3097 1205 3140 caeterum

118 3104 336 3228 pooqsmqiac
352 3158 429 3210 rabie
446 3103 562 3228 curqrepti
585 3165 663 3221 sunt,
686 3158 913 3228 quemadmodum
931 3159 1029 3210 Paulus
1047 3158 1205 3229 Sinopensis

119 3230 175 3290 ait,
200 3235 259 3279 tam
287 3228 378 3280 cibum
395 3245 476 3300 pram
492 3237 587 3298 potum
605 3237 769 3281 aversantur.
795 3231 874 3282 simul
893 3230 993 3299 largam
1011 3244 1205 3299 spumeamque

120 3297 234 3352 ταιὶσααι
261 3300 419 3363 emittunt‚-
437 3307 466 3351 et
483 3300 513 3350 ia
531 3301 685 3353 universum
708 3301 776 3352 muti
796 3307 878 3365 sunt,
895 3317 926 3352 ac
944 3309 1085 3368 tantopere
1104 3301 1207 3370 desipi-

120 3378 175 3422 nat
190 3377 224 3421 ut
238 3385 276 3421 ne
291 3369 436 3423 familiares
452 3369 563 3440 quidem
575 3379 741 3439 agnoscant,
761 3369 808 3423 aed
827 3371 856 3423 in
875 3373 984 3442 quosvis
1003 3369 1106 3441 absque
1122 3372 1208 3425 latra-
1270 3393 1275 3403 ·

120 3447 154 3493 tu
171 3441 279 3492 amant
298 3450 337 3493 et·
351 3441 459 3511 quosvis
483 3440 634 3508 mordeant.
659 3441 705 3492 hic
720 3457 824 3495 morsus
844 3459 900 3494 non
917 3443 1045 3494 continuo
1062 3443 1208 3511 quicquam

122 3525 215 3562 seeum
231 3511 324 3565 adfert
341 3511 515 3580 aegritudinis
543 3521 590 3564 aut
607 3513 755 3574 molestiae,
780 3521 889 3582 praeter
906 3529 967 3564 eum
984 3512 1029 3580 qui
1048 3527 1081 3562 ea
1100 3513 1157 3580 ipsa
1177 3527 1208 3566 re

122 3581 391 3636 entiturdoiorem.
420 3599 513 3635 uerum
531 3581 661 3651 deinceps
675 3583 794 3634 -morbua
814 3584 936 3645 accedit,
954 3599 1035 3652 quem
1052 3581 1209 3652 hydropho-

123 3651 218 3716 bium,
246 3651 280 3704 ab
309 3669 395 3722 aquae
421 3663 514 3718 metu,
538 3661 644 3705 votam.
665 3669 727 3704 nam
754 3653 836 3724 quia
864 3653 976 3705 canibus
993 3652 1107 3704 rabiosis
1127 3655 1210 3706 morsi

124 3731 204 3787 sunt,
216 3739 315 3793 aquam
332 3724 517 3788 reformidant,
530 3725 585 3776 siva
605 3723 681 3775 illam
699 3724 856 3777 intueantur
875 3726 931 3778 sive
942 3723 1053 3793 propius
1064 3724 1210 3778 accedant.

122 3794 254 3845 nonnulli
282 3796 362 3846 etiam
386 3812 482 3847 canum
505 3810 580 3846 more
604 3794 706 3847 latrant
734 3802 763 3848 et
780 3795 847 3846 alios
865 3795 980 3862 aggressi
997 3791 1136 3860 mordent,
1155 3811 1210 3864 quo

123 3881 217 3919 morsu
235 3863 336 3917 malum
354 3867 443 3936 ipsum
459 3873 614 3936 propagant
630 3872 767 3918 eaetemm
784 3881 854 3936 quae
867 3866 1032 3934 reliquorum
1050 3874 1212 3936 symptoma-

123 3943 185 3988 tum
206 3952 289 3986 eansa
317 3939 354 3988 sit
376 3945 460 4007 patet
487 3955 550 3989 nam
580 3953 641 3988 cum
668 3953 802 3990 venenum
819 3937 909 3988 omnia
937 3935 1057 3990 membra
1077 3945 1106 3988 ot
1123 3939 1211 4006 ipsum

125 4005 198 4058 adeo
228 4006 370 4059 cerebrum
396 4008 549 4078 occupavit,
576 4005 732 4059 huiusmodi
756 4014 934 4076 symptomata
958 4025 1047 4060 aecum
1066 4007 1160 4060 adfert.
1182 4014 1212 4059 at

126 4078 187 4128 eius
206 4077 264 4140 rei,
282 4078 358 4147 quod
375 4096 472 4150 aquam
491 4086 630 4141 metuunt,
647 4095 753 4130 causam
775 4077 861 4148 aliqui
878 4079 988 4132 ninnium
1010 4079 1045 4132 ad
1062 4080 1211 4130 siccitatem

125 4147 269 4213 referunt,
288 4150 367 4220 quari
383 4167 491 4222 prorsus
512 4150 547 4202 ab
562 4148 677 4204 humore
695 4149 750 4204 sint
766 4148 923 4206 abalienati.
939 4149 1023 4206 Rufus
1040 4155 1131 4204 autem
1147 4161 1212 4220 per·
