2742 4617
455 261 668 328 suusuuu
701 263 807 329 usus
838 269 864 328 ι.
1115 235 1197 322 τοῦ

191 417 221 480 Γ
218 415 330 478 ι’νονυκε
350 409 511 495 discito,
534 408 594 479 ότι
607 415 788 498 γεννήτορες
805 413 864 480 τοῦ
884 411 1051 499 όροῦμαιος
1072 411 1196 496 μόσχου

113 516 144 582 oi
160 516 192 579 ἐν
210 506 309 598 Ἰνὸίρ
339 511 505 592 νεμόμενοι
534 509 659 597 ἔῦαφοι.
718 513 813 578 ου’ῦὲν
845 509 906 598 γόρ
937 508 1045 598 ’ἔτερόν
1073 513 1143 576 ἔστι
1161 510 1196 577 τὸ

110 612 368 696 πολυθρόλλητον
386 613 478 676 τοῦτο
500 601 615 694 όρονμα
631 605 655 696 ἢ
673 605 755 693 αἷμα
776 610 896 698 ἐλάφου
917 612 1226 694 ε’σπαργανοομένονΒ

110 715 145 778 ἔν
162 714 205 800 τῳ
225 708 379 798 ὀμφαλῷ·
399 709 475 790 περὶ
493 712 601 790 μέντοι
620 708 660 774 τό
682 713 756 794 τέλη
777 713 836 776 τοῦ
857 707 949 796 ἔαρος
969 708 1111 794 ρ’ίπτοιαι
1135 705 1199 776 cio·

84 813 169 893 ὅπερ
187 833 219 874 τι
237 805 432 892 περίττωμα.
472 806 590 884 sicidae
610 810 704 873 ου’δέν
722 834 753 874 τι
771 810 866 894 μέρος
888 809 989 876 αῦνοῦ
1008 804 1200 892 συλλεγόμε-

110 933 180 976 νον·
224 907 298 974 ἀλλ’
329 903 461 973 ἔπειθόν
477 904 585 994 χρόνῳ
614 912 777 996 ταμιουθῇ
797 912 852 974 καὶ
870 909 915 985 εἰς
937 903 1050 993 ἓτέραν
1072 901 1200 993 ἤπειρον

109 1009 345 1094 μετακομισθῇ,
379 1008 552 1088 τηνικαῦτα
573 1006 610 1071 τό
625 1007 744 1090 sicidae
762 1011 889 1090 πνεῦμα
909 1007 1033 1094 α’φίησι.
1075 1009 1200 1092 λέγεται

110 1110 148 1172 di
165 1103 216 1171 ότι
237 1103 256 1189 ἦ
278 1102 397 1192 ἔλαφος
417 1106 590 1189 θελγομένη
609 1097 678 1194 ἤχῳ
701 1091 808 1170 otior
821 1108 878 1170 καί
896 1104 1057 1190 κροτόλοις
1076 1102 1130 1170 τόν
1149 1107 1282 1189 ἔγ-Μὸ

110 1204 169 1290 γῦς
188 1203 320 1289 τοξότην
353 1198 415 1286 οῦχ
445 1201 503 1290 ops}
538 1205 593 1268 κοῦ
618 1205 788 1280 τοξεύεται.
836 1200 918 1270 οῦτοι
951 1205 1007 1270 καὶ
1025 1201 1116 1290 ἡμεῖς
1134 1201 1197 1268 όπό

68 1308 177 1371 ιοτιῦν
193 1307 252 1369 τοῦ
271 1300 391 1385 κόσμου
413 1304 556 1388 τερπνοῦν
584 1300 832 1386 καταυλούμενοι
854 1306 999 1387 ου’δαμοῦ
1018 1306 1201 1388 συνορῶμεν

109 1405 166 1470 τόν
175 1407 257 1469 καθ’
292 1401 381 1486 ἡμᾶς
415 1397 565 1488 ιῖορότοις
590 1404 698 1486 βέλεσι
718 1403 894 1488 χρώμενον.
936 1401 1014 1467 α’λλό
1036 1403 1089 1468 καί
1109 1426 1200 1468 ουνε-

108 1505 179 1587 χοῦς
196 1503 250 1567 ἐπὶ
269 1500 376 1589 δρόμῳ
394 1499 455 1584 τὴν
474 1498 594 1589 ἔλαφον
617 1499 657 1566 τό
670 1503 763 1568 τέκνα
783 1499 954 1586 γυμνάζειν
972 1501 1070 1584 αὐτῆς
1091 1501 1200 1584 λέγου-

110 1624 158 1669 σι.
206 1601 297 1665 τοῦτο
324 1600 361 1662 δὲ
389 1597 567 1687 ρι’κονόμησι
593 1595 717 1676 πόντος
750 1597 864 1676 όθεός
885 1596 962 1677 τοῦς
981 1603 1227 1687 νωθροτέρουςῦ

108 1701 272 1784 ἐντρέπειν
289 1706 399 1782 γονεῖς.

65 1807 102 1868 ι5
188 1793 280 1863 'Ast’
301 1792 362 1878 όρα
373 1794 537 1863 κάνταῦθα
550 1799 740 1884 κηδεμονίαν
753 1802 842 1865 θεοῦ.
864 1795 973 1882 ἐπειδὴ
988 1796 1048 1882 γόρ
1062 1796 1153 1863 τουτὶ
1162 1794 1199 1862 τό

109 1901 204 1979 ζοῦον,
218 1895 241 1980 ἡ
256 1893 374 1982 ἔλαφος
387 1897 539 1981 δηλονότι,
557 1895 661 1963 δειλόν
681 1899 751 1964 ἔστι
764 1899 820 1964 καὶ
833 1897 886 1964 διὰ
899 1902 990 1962 τοῦτο
1010 1906 1127 1982 φυγαῖς
1146 1893 1203 1962 αέί

107 2019 186 2062 ποτε
201 1999 366 2080 κέχρηται,
386 1997 675 2080 προκατεσκεόαοεν
697 1996 797 2082 αότῆν
818 1998 835 2062 ό
856 1995 931 2070 θεός
950 1991 1032 2061 οῦστε
1052 2019 1197 2080 παρακα·

106 2097 216 2178 τέχναν
246 2094 401 2181 ἀσφαλοῦς
429 2099 464 2162 ἔν
491 2098 531 2183 τῇ
556 2093 660 2185 μήτρᾳ
678 2093 717 2161 τό
749 2093 859 2180 ἔγγονα
881 2091 990 2179 αότῆς.
1031 2092 1086 2158 καὶ
1105 2094 1199 2178 δῆλον

109 2196 145 2258 ἔν
164 2202 231 2270 τοῖς
249 2197 315 2260 cciv
336 2199 568 2279 περιεχομένων
583 2199 628 2283 τῷ
647 2194 716 2276 Ἰοόβ
736 2199 780 2284 τῷ
798 2198 945 2282 μακαρίῳ
966 2193 1072 2280 ἐκείνῳ
1095 2193 1198 2274 α’νόρό.

60 2317 101 2358 20
109 2297 281 2378 τηνικαῦτα
309 2298 459 2380 κριθῆναι
485 2293 564 2374 μετὰ
602 2298 684 2359 θεοῦ
707 2297 829 2379 ἐζήτει,
864 2291 919 2358 καί
942 2289 1018 2358 ια’δν
1034 2290 1113 2378 πρός
1133 2299 1199 2368 τοῖς

109 2387 220 2470 ἄλλοις
250 2389 357 2479 ἔλεγον
384 2391 402 2460 ό
433 2392 508 2473 θεός
532 2393 718 2483 ,,ἔφόλαξας
747 2395 864 2471 οόόῖνος
894 2389 1039 2481 ἐλάφων,
1059 2395 1199 2480 ἠρίθμη-

1325 595 1335 626 t

182 2563 209 2618 8.
227 2558 272 2618 ότι
289 2560 392 2620 deerat.
430 2622 433 2626 A

185 2733 243 2786 Hoc
270 2751 381 2806 quoqne
407 2735 578 2804 cognoscito,
600 2734 661 2789 eins
684 2737 813 2790 aromatis
839 2734 915 2807 qnod
932 2751 1052 2790 muscam
1070 2735 1199 2802 dicimus,

108 2810 239 2857 auctores
251 2821 309 2858 eise
327 2823 419 2860 cervos
436 2807 498 2859 iilos
516 2808 564 2877 qui
580 2815 702 2860 montem
719 2807 814 2860 Indiae
831 2807 966 2884 quenfiam
985 2808 1116 2859 incolunt
1136 2823 1199 2858 nam

108 2875 321 2928 celeberrimum
338 2874 392 2929 hoc
410 2893 500 2928 aroma
519 2877 589 2929 nihil
607 2887 651 2930 est
667 2878 745 2930 aliud
763 2895 843 2950 quam
860 2893 998 2931 cervorum
1017 2877 1132 2946 sanguis,
1151 2877 1200 2946 qui

107 2947 146 2998 de
166 2945 299 2998 umbilico
325 2957 406 3018 rupto
430 2947 568 3016 profluxit'
594 2947 666 3000 hunc
695 2949 737 3001 illi
763 2949 886 3002 extremis
913 2951 941 3000 ia
960 2949 1083 3018 partibus
1099 2947 1200 2999 montis

106 3019 241 3070 reiiciuut
259 3019 338 3087 quasi
355 3017 491 3088 quoddam
513 3026 721 3076 excrementum.
739 3035 853 3090 cumque
871 3019 1028 3090 colligitur,
1046 3017 1122 3069 nulia
1138 3033 1200 3086 pars

105 3088 170 3140 eins
189 3088 302 3140 odorem
319 3097 423 3158 gratum
440 3088 534 3141 habet.
552 3108 645 3143 vesum
661 3090 709 3141 ubi
726 3100 790 3161 post
806 3099 859 3142 tem
881 3091 934 3142 oris
952 3089 1064 3158 aliquod
1084 3089 1201 3158 spatium

102 3159 258 3229 inquiritur
279 3167 309 3211 et
325 3161 392 3212 alias
410 3158 446 3211 ad
463 3168 548 3212 terrae
568 3160 688 3213 delatum
709 3169 766 3225 est,
783 3169 840 3214 tum
857 3107 956 3213 deinde
974 3159 1147 3227 fragrantiam
1165 3159 1202 3209 ii-

103 3230 163 3281 iam
189 3232 283 3300 spirat.
306 3231 385 3284 aiunt
412 3231 477 3283 item
502 3247 624 3296 cervam,
649 3231 714 3283 dum
736 3231 866 3284 tibiarum
891 3231 957 3284 sono
977 3239 1006 3283 et
1025 3229 1201 3282 tintinabulis

104 3301 273 3364 delectatur,
293 3299 445 3354 adstantem
467 3318 552 3372 prope
573 3303 740 3372 cagittariuns
757 3320 813 3355 aon
831 3319 941 3354 cernere
959 3299 1117 3370 sagittisque
1135 3315 1202 3352 son-

104 3371 165 3440 figi.
185 3372 226 3422 sic
242 3387 293 3423 nos
324 3389 451 3442 quaque,
481 3373 545 3424 dum
561 3375 748 3445 voluptatibus
775 3373 854 3426 huius
874 3370 968 3424 mundi
984 3371 1063 3440 qussi
1081 3369 1201 3421 modulis

104 3439 276 3511 quibusdam
287 3441 417 3494 tibiarum
436 3443 611 3508 oblectamur,
629 3443 813 3497 adversarium
829 3451 950 3496 nostrum
968 3442 1051 3512 plane
1067 3455 1201 3509 nosquam

105 3512 265 3576 cernimus,
292 3513 560 3582 inadspeetahiiibus.
571 3523 664 3568 eontra
689 3531 739 3566 nos
755 3513 818 3566 telis
837 3523 968 3566 utentem.
986 3519 1127 3581 praeterea
1145 3518 1201 3562 trs-

105 3583 181 3636 dunt
198 3599 306 3636 cervam
325 3583 515 3636 assiduoietns
531 3602 594 3638 suos
612 3602 691 3637 cursu
704 3601 835 3636 exercere.
854 3586 944 3637 voluit
963 3582 1016 3636 hoe
1029 3581 1140 3635 omnino
1161 3581 1200 3633 sic

104 3653 170 3706 fieri
191 3655 277 3717 deus,
294 3656 496 3724 utpareatihus
513 3655 615 3724 ignaris
629 3656 761 3724 pudorem
782 3656 923 3712 incuteret.

179 3724 250 3776 lieic
268 3741 379 3795 quoque
395 3725 440 3776 dei
464 3727 663 3796 providentiam
685 3742 830 3796 curansque
856 3727 924 3778 mihi
943 3721 1121 3776 considerato.
1139 3737 1200 3773 cnm

101 3795 212 3848 animai
229 3794 284 3847 isac
299 3795 425 3847 timidum
442 3797 479 3849 sit
495 3813 526 3848 ac
546 3806 689 3868 propterea
707 3813 847 3866 nunquam
863 3813 919 3848 non
938 3803 1030 3846 utatur
1047 3805 1139 3854 cursu,
1157 3802 1201 3844 ta-

101 3865 161 3916 iens
183 3883 280 3918 cervae
299 3876 460 3920 structuram
479 3868 546 3920 deus
567 3869 670 3932 effecit,
682 3873 715 3918 ut
732 3867 803 3919 tetus
820 3884 881 3919 suan
901 3867 929 3917 in
947 3872 1025 3916 utero
1043 3866 1110 3916 citra
1126 3862 1202 3932 peri-

100 3937 203 3988 cuiurn
228 3937 317 3988 aliam
345 3945 433 4006 gestet
457 3955 490 3990 ac
508 3940 635 3993 retinent
676 3945 734 3991 atet
749 3936 801 3989 hoc
821 3937 855 3990 de
872 3935 929 3987 illis
950 3937 1032 3988 etiam
1050 3951 1121 4005 quac
1141 3932 1202 3987 lobi

100 4007 184 4060 libro
202 4009 386 4060 continentur.
407 4025 469 4060 nam
489 4009 525 4061 sd
544 4012 630 4062 visum
648 3956 728 4060 iilum
745 4008 873 4070 beatum,
893 4023 953 4058 cum
973 4005 1124 4076 disceptare
1141 4017 1202 4055 cusa

100 4076 160 4130 deo
180 4078 282 4141 veliet,
298 4079 372 4132 inter
389 4079 443 4131 alis
464 4080 531 4132 desu
550 4081 603 4132 hoc
619 4095 730 4150 quoque
748 4077 851 4149 profert
868 4076 938 4148 (lob.
958 4079 993 4144 39
1014 4077 1038 4147 s)
1065 4083 1133 4140 „tun
1151 4071 1202 4125 ob-

99 4150 225 4202 urrani
238 4158 333 4220 partus
351 4165 497 4216 cervarum,
515 4167 654 4204 measssve
670 4151 819 4204 numerasti
836 4148 935 4222 quihus
953 4155 1061 4204 uterum
1073 4141 1201 4198 ierunt?'¹
