2742 4617
444 279 658 346 maalinas
687 278 789 344 cans
819 279 859 340 ιι.
1098 242 1182 330 233

95 437 221 517 γενεαῖς
241 423 272 494 οἳ
301 420 467 512 ἄνθρωποι
491 429 650 510 διέμειναν
676 422 754 490 θτόν
772 421 941 508 ἡγοόμενοε
960 415 1111 502 δεσπότην
1131 422 1186 488 κατ’

94 528 201 595 πιόντα
220 524 300 612 πρός
320 524 436 609 α’ρετην
454 526 629 606 βλέποντες.
669 521 748 606 μετὰ
770 523 914 588 δὲταῦτα
935 514 1185 601 μεταβάλλονται

94 625 178 712 πρός
190 623 225 692 τό
244 632 364 708 χεῖρον.
385 622 496 688 πολλοὶ
512 620 575 707 γόρ
596 615 720 707 ῦγγελοι
741 623 821 686 θεοῦ
833 619 959 703 γυναιξί
979 617 1185 697 συμμιγέντες

96 722 254 810 ῦβριστός
273 725 440 806 ἐγέννησαν
458 722 576 796 παῖδας
595 722 652 787 καί
677 717 795 795 παντός
816 714 995 802 ὑπερόπτας
1014 715 1111 780 καλοῦ
1129 709 1184 778 διό

69 822 159 908 Seria
178 822 234 889 ε’πί
249 825 290 911 τῇ
312 820 446 902 δυνάμει
465 823 661 906 πεποίθησιν.
710 815 786 884 ὅθεν
808 820 981 882 διανοεῖται
1000 808 1017 878 ό
1037 811 1113 888 θεός
1131 808 1187 876 καί

97 926 165 990 πῦν
182 917 259 988 door
279 914 318 1005 ἦν
347 914 549 1006 όνθροόπινον
575 921 766 1006 διαφθεῖραι
793 913 853 984 σόν
875 913 998 998 αὐτοῖς,
1020 911 1075 978 καί
1093 914 1185 994 ποιῆ-

97 1047 157 1090 σαι
176 1025 264 1106 γένος
285 1022 392 1104 ἕτερον
414 1019 567 1104 πονηρίας
586 1017 746 1104 καθαρόν,
769 1012 1005 1098 δπιτεμνὸμενος
1026 1011 1080 1078 κατ’
1099 997 1184 1076 αὐτόν

98 1120 142 1187 τό
163 1119 218 1205 ἔτη
236 1116 316 1202 ὅπερ
336 1116 490 1203 πρότερον
514 1115 624 1197 όζων.”
674 1117 755 1182 ἄλλα
775 1118 831 1180 καί
859 1111 876 1178 ό
898 1115 998 1197 μδγας
1025 1109 1185 1194 Κῦριλλος

98 1223 185 1305 λέγει
204 1215 253 1284 ότι
271 1217 391 1294 ίδόντες
411 1214 442 1283 oi
459 1214 527 1282 υἱοὶ
544 1220 604 1282 τοῦ
622 1220 722 1299 θεοῦ,
741 1217 899 1281 τουτέστιν
919 1210 948 1276 oi
971 1209 1033 1276 ἀπό
1048 1213 1105 1276 τοῦ
1115 1205 1187 1293 Σηθ
1194 1209 1223 1266 Ρ.
1236 1209 1285 1278 τοι,

54 1316 309 1402 ιοκαταγόμενοι
328 1316 459 1403 (ἐκεῖνον
477 1297 540 1399 γόρ
556 1313 610 1380 διὰ
633 1312 690 1400 τὴν
709 1311 824 1400 α’ρετὴν
844 1311 945 1378 αῦτοῦ
961 1307 1039 1375 θεόν
1055 1308 1186 1393 ἔλεγον),
1230 1293 1242 1314 ”
1264 1311 1268 1318 ’

99 1416 161 1494 τός
179 1419 360 1500 θυγατέρας
377 1416 442 1480 reis
457 1411 634 1497 ἀνθρώπων
652 1408 751 1498 ἤγουν
771 1409 828 1487 τὰς
849 1409 909 1476 ἀπό
932 1408 991 1474 τοῦ
1012 1407 1119 1490 Κάϊν,
1139 1399 1188 1472 ότι

100 1515 260 1602 καλαίτῷ
282 1511 362 1578 εἴδει
391 1515 487 1594 εἰσίν,
518 1509 632 1598 ἔλαβον
651 1508 750 1588 αῦτδς
772 1513 818 1586 εἰς
836 1516 996 1594 γυναῖκας.
1039 1501 1113 1572 iam
1132 1508 1189 1571 καί

101 1617 269 1699 δγεννῦντο
289 1610 320 1678 oi
339 1612 499 1695 γίγαντες,
523 1603 638 1698 ῦνδρες
659 1613 815 1686 δυσειδεῑς
835 1612 890 1676 καί
910 1613 973 1674 πᾶν
997 1603 1077 1672 εἴτι
1098 1605 1189 1668 κάκι-

102 1735 179 1778 στον
200 1704 310 1793 ὄντες,
343 1714 401 1777 τοῦ
420 1712 501 1775 θεοῦ
530 1709 812 1795 παραχαράξαντος
834 1705 950 1784 αῦτοῦς
971 1703 1024 1771 διό
1047 1702 1105 1788 την
1125 1729 1188 1783 μυ-

55 1807 207 1896 ι5σαρόν
237 1810 344 1876 αι’τῦν
369 1815 466 1890 μῖξιν.
519 1805 595 1876 ὅθεν
625 1809 681 1874 καί
698 1809 888 1886 κατακλύζει
916 1804 1055 1886 αῦτοός,
1078 1800 1187 1878 καθιός

100 1908 197 1976 καίδ
220 1917 391 1995 κορυφαῖος
413 1907 544 1996 ἐνέφηνε
567 1909 693 1994 Πέτρος
712 1909 746 1974 ἐν
768 1910 807 1994 τῇ
826 1908 979 1992 καθολικῇ
1000 1906 1097 1968 αὐτοῦ
1114 1905 1186 1964 δευ-

101 2013 179 2097 τόρηι
197 2008 345 2094 ἐπιστολῇ
365 1999 465 2083 οῦτοις
480 2004 576 2072 εἰπών
587 2003 829 2090 ,κατακλυσμόν
848 2001 953 2092 κόσμῳ
970 2003 1092 2084 οόεβοῦν
1108 1999 1185 2064 ἐπό-

102 2110 187 2188 tae?
227 2104 280 2171 διό
313 2110 349 2172 τί
365 2109 401 2172 δὲ
419 2105 495 2182 τοῦς
519 2105 574 2171 ἕνα
593 2101 670 2170 θεόν
689 2107 943 2186 προσκυνοῦντας
965 2104 1088 2183 οἶσεβεΐς
1111 2095 1215 2168 iaci-lt

103 2213 195 2287 λεοε,
211 2202 293 2270 διότι
311 2207 462 2272 τοσοῦτον
481 2203 675 2290 ἐξεμάνησαν
699 2206 744 2280 εἰς
763 2207 931 2279 συνουσίας
951 2201 994 2276 ὥς
1015 2197 1069 2263 εἰιί
1089 2195 1188 2262 εἴκοσι

55 2296 241 2387 αοόνδρόσι
260 2302 318 2386 την
337 2313 471 2386 γυναῖκα
491 2306 731 2390 περιφέρεσθαι.
772 2304 807 2368 ἐκ
828 2297 940 2366 τοῦτου
961 2295 1023 2382 γὰρ
1044 2294 1100 2362 καί
1115 2292 1188 2370 τοῦς

105 2399 198 2480 υἱοός
216 2404 271 2467 τοῦ
292 2404 391 2482 θεοῦ,
410 2401 484 2478 τοός
504 2403 539 2466 ε’κ
558 2405 615 2468 τοῦ
627 2399 702 2486 Σήθ
721 2398 858 2486 δηλαδή,
879 2396 958 2484 πρός
975 2401 1067 2480 μῖξιν
1085 2396 1189 2460 εἵλκυ-

105 2525 176 2568 σαν.
226 2497 348 2565 vietel
377 2503 436 2566 τοῦ
465 2503 546 2566 θεοῦ
570 2502 715 2586 λέγονται
734 2503 788 2566 καί
811 2497 866 2564 διὰ
892 2495 952 2585 τη“ν
980 2491 1094 2584 οἷρετὴν
1128 2491 1188 2558 αό-

107 2779 160 2836 pro
178 2779 268 2817 rernm
285 2763 393 2818 domino
418 2776 593 2836 agnoscerent
609 2767 749 2840 solamque
765 2765 892 2819 virtutem
910 2766 940 2817 in
957 2763 1083 2816 omnibus
1103 2761 1189 2831 respi-

108 2842 210 2888 cerent.
226 2835 261 2887 ab
280 2851 313 2887 εο
331 2836 425 2888 deince
446 2847 592 2908 stempore
608 2841 707 2891 mutati
728 2846 792 2890 sont
809 2839 838 2889 in
854 2837 940 2907 peius.
958 2853 1020 2886 nam
1040 2833 1189 2902 complures

109 2923 143 2958 ex
161 2905 207 2957 dei
223 2907 288 2958 liliis
306 2923 366 2958 cum
383 2855 542 2960 muiieribus
559 2918 774 2972 consuescentcs,
792 2908 894 2960 liberos
915 2923 948 2957 ex
967 2905 1000 2956 iis
1020 2913 1190 2956 contumaces

108 2984 137 3028 et
153 2976 241 3028 omnis
260 2977 369 3029 honesti
389 2986 587 3049 contemptores
611 2989 722 3049 propter
739 2980 878 3050 potentiae
897 2976 1023 3028 fiduciam
1041 2989 1191 3044 progenue-

108 3061 146 3098 τε.
163 3057 331 3117 quapropter
348 3049 435 3100 visum
454 3059 495 3101 est
515 3049 567 3100 deo
580 3066 640 3101 cum
661 3052 695 3102 iis
711 3052 861 3101 universam
881 3048 1019 3098 nationem
1036 3044 1191 3095 mortalium

108 3119 283 3182 exscindere,
310 3133 448 3188 genusque
475 3137 572 3188 purum
603 3121 636 3170 ab
655 3122 728 3172 omni
751 3119 851 3188 flagitio
875 3117 978 3180 lacere,
998 3115 1106 3168 resectio
1125 3113 1191 3182 ipsis

109 3189 193 3240 etism
212 3189 290 3239 annis
301 3191 375 3239 vitae
392 3190 537 3258 longaevae
555 3207 635 3258 quam
647 3193 722 3260 prius
741 3190 883 3242 devehant.
897 3188 1072 3240 consimiliter
1089 3193 1117 3236 et
1134 3184 1192 3234 exi-

107 3259 178 3309 mlus
195 3258 244 3310 ille
265 3258 381 3326 cyrillus
402 3262 517 3312 disserit.
541 3261 593 3315 filii
617 3261 676 3324 dei,
700 3261 755 3324 ait,
776 3210 827 3311 ῦοσ
851 3268 892 3312 est
915 3275 930 3310 ε
950 3256 1033 3310 Setho
1053 3253 1193 3326 prognati,

108 3328 185 3448 {nam
203 3329 283 3380 illum
305 3331 413 3381 virtutis
443 3347 522 3382 causa
543 3331 585 3381 eui
611 3329 691 3382 deum
712 3333 894 3401 appellavere)
920 3327 1103 3380 animadverso
1122 3315 1192 3374 lilius

130 3399 264 3464 ominum,
284 3397 315 3450 id
335 3408 377 3451 eat
395 3409 466 3452 ortas
485 3418 518 3451 ex
535 3402 693 3470 posteritate
707 3401 792 3466 Caini,
811 3402 895 3452 forma
903 3406 1029 3453 venustas
1049 3409 1116 3458 esse,
1134 3410 1193 3444 ma-

108 3469 239 3521 trimonio
266 3469 320 3520 eibi
349 3486 394 3521 eas
415 3471 574 3534 iunxerunt,
602 3471 715 3540 natique
734 3481 797 3524 sunt
820 3487 853 3523 ex
873 3472 912 3522 eis
931 3471 1049 3538 gigantes
1069 3465 1193 3518 homines

108 3539 238 3591 informes
267 3554 415 3609 omnesque
440 3543 597 3611 pravitatem
620 3542 784 3605 relerentes,
809 3541 921 3593 inolente
941 3550 1047 3608 turpem
1066 3539 1105 3589 eis
1123 3534 1193 3587 hano
1228 3531 1231 3536 ’

108 3611 228 3678 speciem
245 3609 298 3661 deo
317 3620 429 3679 propter
445 3612 589 3664 nefandam
603 3620 630 3664 et
642 3612 832 3664 exsecrabilem
845 3613 949 3680 generis
961 3609 1103 3677 utriusque
1120 3623 1194 3658 com-

107 3680 272 3731 mistionem.
292 3679 400 3732 easdem
418 3681 454 3733 ob
474 3700 565 3735 causus
585 3682 688 3734 diluvio
708 3691 772 3734 sunt
789 3683 922 3735 exstincti.
942 3679 1104 3748 significarit
1120 3676 1194 3728 idem

106 3765 222 3818 magnus
249 3751 331 3802 etiam
361 3752 468 3815 Petrus,
494 3755 524 3805 in
554 3752 728 3824 epistolarum
755 3769 862 3805 suarum
890 3751 1082 3804 catholicarum
1109 3749 1194 3800 altera

106 3820 137 3890 (a
159 3825 188 3886 5)
212 3821 302 3873 verbis
329 3821 402 3874 hisco
430 3821 565 3876 disserens
593 3825 755 3894 „impiorum
791 3823 883 3892 generi
912 3821 1043 3872 diluvium
1067 3819 1194 3872 inrerit''

106 3906 158 3941 cur
177 3890 240 3943 heic
256 3901 338 3944 vocat
353 3893 460 3962 impios,
479 3895 526 3964 qui
546 3911 629 3947 unum
651 3895 731 3946 deum
752 3894 877 3962 religiose
895 3889 1009 3943 colendo
1026 3891 1195 3942 veneraban-

105 3960 173 4012 tur?
209 3962 275 4032 quia
295 3972 438 4033 tantopere
456 3965 485 4016 in
502 3964 647 4017 libidinem
666 3973 823 4017 exarserunt
835 3973 866 4015 ut
882 3963 976 4031 viginti
993 3963 1044 4014 riri
1062 3978 1115 4014 una
1133 3977 1195 4011 cuna

106 4031 211 4084 semina
239 4043 454 4086 consuescerent.
485 4034 536 4087 hoc
555 4037 627 4087 enim
652 4043 734 4105 paeto
753 4035 797 4087 dei
821 4049 932 4104 quoque
952 4033 1019 4095 lilii,
1036 4033 1195 4084 nimirums

107 4101 194 4154 Setho
213 4105 349 4174 prognati,
370 4105 404 4156 ad
422 4105 582 4158 concubitus
599 4123 680 4174 vagos
695 4105 801 4158 invitati
820 4114 898 4170 τροις
915 4105 962 4173 qui
1000 4103 1091 4155 uidem
1109 4101 1195 4153 virtu-

107 4173 146 4226 tis
176 4173 260 4228 stiam
282 4175 394 4230 nominc
418 4176 465 4229 dei
483 4185 546 4231 sunt
575 4177 708 4249 appellati
733 4177 802 4240 lilii,
827 4121 1052 4248 quamsecurium
1077 4170 1195 4226 lsraclus
