2742 4617
463 248 675 317 auulnuu
703 248 805 315 raas
825 253 852 312 1.
1141 254 1193 338 γη

120 428 186 488 χωκ
206 403 324 485 ἀκμαί,
358 410 424 478 τοῖς
445 404 480 469 δὲ
500 409 618 479 λοιποῖς
640 402 850 491 [ἀναγκαίως]
872 400 948 489 πρὸς
970 400 1028 488 την
1045 406 1102 467 rori
1122 407 1197 486 βίον

121 501 311 586 διτξαγωγην
339 502 360 587 ἡ
387 506 448 567 τοῖν
480 504 585 567 ποδοῖν
617 500 775 587 όπηρεσία
801 499 986 588 δεδώρηται.
1040 504 1141 587 όλίγοι
1161 505 1198 569 δέ

118 604 179 668 τόν
197 602 335 687 ὄρνιθιον
363 598 533 675 κακόποδές
559 603 658 683 εἰσιν,
692 593 767 664 orire
793 603 936 683 βαδίζειν
957 595 1029 667 virs
1050 601 1198 688 άγρεόειν

116 711 184 778 τοῖς
205 701 297 766 ποσόν
316 698 495 784 ἐπιτήδειοι,
513 699 557 775 ὥς
577 697 613 764 αἱ
631 699 794 785 χελιδόνες
813 700 870 765 καί
888 698 922 764 αἱ
943 704 1126 785 δρεπανίδες
1148 706 1198 765 λε-

89 802 259 887 5γόμεναι,
282 792 329 877 οἷς
347 798 367 885 ἡ
387 798 491 886 τροφὴ
512 798 574 865 άπό
592 802 656 866 τόν
677 803 713 868 έν
730 803 776 888 τῷ
795 801 868 885 α’έρι
887 804 1111 889 ἐμφερομένων
1129 804 1197 868 ἑπι-

117 901 275 985 νενόηται.

203 996 352 1083 Πρόσεχε
385 998 504 1063 λοιπόν.
544 990 624 1083 άλλη
651 1000 708 1062 ναέ
731 994 792 1082 γάρ
824 997 998 1083 κατασκευή
1017 1008 1084 1075 τοῖς
1102 1022 1198 1081 σπερ-

115 1098 266 1181 μολόγοις
293 1092 397 1181 όρνεσι
428 1100 485 1163 καί
507 1090 587 1183 όλλη
614 1105 679 1172 τοῖς
704 1096 927 1183 σαρκοβόροις,
953 1100 996 1185 τῷ
1014 1097 1120 1187 τρόπιρ
1140 1103 1197 1182 τῆς

116 1199 242 1281 διαίτης
263 1198 370 1263 αότιόν
389 1202 570 1283 πρέπουσα,
599 1190 727 1279 όνόχων
748 1196 850 1279 α’κμαί
869 1199 924 1262 καί
938 1202 1045 1279 χεῖλος
1063 1195 1198 1281 α’γκόλον

69 1294 174 1362 romi
192 1295 309 1381 irrepis
332 1294 405 1379 σ’ξό,
426 1292 505 1361 oi'ors
528 1297 586 1361 καί
614 1300 835 1382 συλληφθῆναι
854 1295 973 1384 ρ’ρδίως
992 1295 1028 1362 τό
1049 1295 1194 1382 θήραμα.

116 1394 173 1461 διά
196 1395 257 1480 γάρ
288 1396 381 1461 τοῦτο
408 1393 463 1460 καί
485 1391 686 1480 σκληρότεροι
716 1398 779 1460 τοόν
807 1393 897 1473 ζιόων
919 1388 1080 1479 οἱιόννχες
1098 1389 1122 1481 ἢ
1139 1402 1198 1463 τοῦ

114 1494 308 1581 α’νθροόπον·
350 1494 590 1577 μαλθακώτερον
610 1492 667 1559 καὶ
682 1493 743 1579 γάρ
764 1487 851 1560 οὗτοι
868 1496 913 1586 τῷ
925 1495 1082 1585 α’νθροόπιρ
1102 1510 1219 1571 κατε-α

114 1592 358 1679 σκενάσθησαν,
390 1590 441 1657 ότι
463 1618 496 1659 τε
526 1593 582 1659 καί
604 1592 640 1658 τό
674 1596 777 1679 δέρμα
800 1592 911 1661 τοόιον
930 1595 1195 1682 μαλθακώτερον,

113 1695 176 1782 ἀφ’
195 1686 236 1757 ob
257 1696 312 1759 καί
338 1690 368 1758 oi
389 1684 500 1775 όνοχις
519 1692 576 1776 τὴν
596 1697 717 1777 γένεσιν
737 1691 867 1777 ἔχουσι,
901 1697 959 1760 καί
975 1692 1024 1761 ότι
1043 1696 1122 1781 πρός
1141 1697 1197 1783 την

65 1800 103 1860 ι5
112 1797 235 1879 χρῆσιν
256 1790 377 1881 έκάστιρ
397 1796 458 1858 τόν
481 1784 569 1869 ζάων
593 1787 613 1876 ἥ
636 1816 671 1857 τε
691 1792 861 1877 σκληρότης
881 1798 944 1858 τόν
964 1792 1086 1878 α’νόχων
1103 1798 1159 1862 καί
1176 1795 1197 1881 ἦ

114 1889 325 1977 μαλθακότης
356 1890 543 1975 δεδώρηται.
599 1888 679 1956 illi
701 1894 757 1955 sai
774 1896 836 1957 mlv
855 1898 980 1976 πτηνῶν
1001 1892 1040 1959 τά
1061 1898 1120 1976 μὲν
1139 1890 1198 1961 όν..

118 1992 209 2077 αρχά
238 1993 302 2056 εἰσι
332 1990 388 2055 καί
405 1981 472 2054 οἷον
500 1988 674 2072 αότόνσμα,
702 1987 743 2052 τό
764 1994 799 2054 δέ
820 1991 876 2077 ὑφ’
895 1987 1024 2075 ἡγεμόνι
1043 1993 1198 2076 τετάχθαι

114 2088 359 2173 καταδεχόμενοι
382 2089 426 2164 αός
446 2085 475 2151 oi
493 2092 631 2172 γέρανοι.
671 2086 752 2152 α’λλά
772 2090 829 2153 καί
843 2086 880 2155 αἱ
892 2093 1040 2170 μέλισσαι
1059 2091 1121 2155 sind
1138 2100 1198 2176 βα·
1287 2114 1290 2116 ’

115 2198 205 2256 σιλιῖ
228 2188 285 2255 καί
311 2182 472 2275 ταξιάρχῳ
502 2190 570 2252 τινί
594 2190 657 2252 ταῖν
675 2184 777 2270 ἔργων
804 2183 967 2269 άπτονταῖ,
988 2184 1027 2253 od
1049 2189 1200 2279 πρότερον

62 2295 174 2359 ποέπί
191 2288 266 2364 τούς
283 2292 442 2368 λειμῶνας
460 2289 565 2352 ἐλθεῖν
583 2278 850 2369 καταδεχόμεναι,
879 2286 953 2372 πρίν
974 2283 1013 2352 όν
1032 2287 1126 2356 ἴδωσι
1147 2292 1201 2359 τόν

113 2392 250 2472 βασιλέα
267 2386 464 2471 κατάρξαντα
484 2386 540 2471 τῆς
561 2384 713 2469 πτήσεως.
753 2386 793 2449 od
810 2384 1025 2472 χειροτονητάς
1046 2393 1081 2456 δέ
1100 2385 1197 2477 οὗτος,

113 2489 191 2554 ἀλλ’
209 2490 244 2554 is
266 2482 392 2573 φάσεως
417 2482 500 2569 ἔχων
522 2482 556 2551 τό
584 2483 665 2551 κατὰ
695 2483 821 2551 πάντων
839 2496 1011 2572 πρωτεῖον,
1034 2495 1089 2558 καί
1104 2498 1196 2577 μεγέ·
1206 2508 1241 2558 n·

115 2593 178 2653 θει
198 2587 356 2674 διαφέρων
376 2584 432 2654 καί
449 2582 590 2671 σχήματι
610 2587 666 2652 καί
684 2587 722 2674 τῇ
741 2586 800 2652 roi
815 2577 917 2671 ἤθους
936 2586 1097 2677 πραότητι.
1130 2592 1198 2659 ἔστι

114 2859 278 2927 caeteroqui
299 2858 381 2909 vitam
408 2856 509 2929 pedum
533 2874 595 2909 usus
621 2865 662 2909 est
688 2874 838 2910 concessus.
868 2858 1009 2927 perpaucis
1032 2858 1115 2941 pedes
1132 2860 1202 2911 male

116 2937 187 2983 sunt
204 2927 304 2981 adiecti
322 2937 405 2998 atque
426 2928 547 2993 debiles,
564 2929 601 2979 itu
619 2935 649 2978 ut
668 2944 719 2979 neo
736 2928 864 2980 incedere
881 2945 932 2979 nec
948 2944 1040 2980 venera
1058 2929 1203 2999 quicquam

114 2999 238 3072 pedibus
262 3000 386 3067 possint,
408 2998 438 3049 ln
465 3015 520 3069 qno
549 3013 647 3068 genere
671 3006 734 3050 sunt
756 2998 916 3051 hirundines
943 3007 971 3051 et
997 3016 1067 3069 quae
1087 2999 1202 3051 falculae

114 3074 177 3124 sive
194 3072 216 3121 ri
237 3070 309 3121 arias
329 3068 469 3135 dicuntur,
487 3082 556 3140 quae
573 3083 622 3139 pro
641 3068 771 3121 alimento
788 3077 934 3123 vescuntur
949 3070 1058 3123 insectis
1073 3086 1124 3141 per
1140 3076 1203 3124 aira

114 3142 221 3199 uolan'
242 3156 282 3191 ur.

188 3209 380 3265 Animadverte
402 3224 483 3277 porro
510 3212 668 3259 structuram
695 3201 907 3261 aliom'illsrum
931 3210 1020 3262 avium
1040 3226 1115 3274 erse,
1131 3226 1202 3281 quae

116 3285 223 3337 semina
242 3284 345 3351 legunt,
355 3278 434 3331 aliam
446 3280 650 3340 oamivorarum,
659 3278 742 3330 victui
752 3279 856 3331 scilicet
867 3296 957 3331 earum
969 3278 1202 3332 accommodatam.

117 3354 224 3405 babent
249 3353 321 3404 enim
339 3357 481 3419 peracutos
504 3364 623 3416 ungues,
643 3357 758 3401 rostrum
783 3348 933 3413 aduncum,
953 3351 1054 3403 celerer
1086 3352 1155 3416 slas,
1173 3361 1204 3405 ut

117 3424 250 3495 praedam
279 3422 413 3490 corripere
441 3420 566 3471 celeriter
594 3419 704 3488 possint.
743 3436 777 3469 ua
795 3420 905 3489 quidem
925 3423 983 3489 ipss
1001 3420 1036 3473 de
1055 3436 1135 3473 cauea
1153 3421 1205 3473 du-

118 3498 206 3547 riores
231 3490 393 3547 animalibus
420 3506 522 3560 ungues
542 3497 606 3541 sunt
629 3505 709 3572 quum
723 3436 849 3554 bomini,
867 3492 911 3541 cui
927 3500 991 3544 sunt
1008 3492 1117 3542 omnino
1134 3493 1204 3544 mol-

120 3566 212 3619 liores.
235 3573 265 3617 et
283 3570 388 3617 constat
412 3570 484 3613 certe
505 3568 594 3612 cutem
621 3558 743 3611 eiusdem
768 3562 944 3612 consimiliter
961 3578 1020 3613 esse
1037 3562 1204 3627 molliorem,

119 3636 159 3688 de
174 3653 228 3706 qua
247 3652 350 3703 ungues
374 3632 513 3696 oriuntur,
542 3632 666 3701 itemque*
681 3638 736 3708 ῑηια
754 3630 878 3683 duritiem
897 3648 977 3700 quam
995 3632 1136 3685 mollitiem
1154 3652 1205 3685 un-

119 3707 213 3777 guium
241 3702 403 3757 animalibus
432 3719 465 3754 ex
489 3702 607 3773 ipsorum
638 3718 689 3752 usu
710 3699 807 3752 datam.
824 3710 964 3772 praeterea
981 3702 1117 3755 volucrum
1135 3706 1205 3757 aliae

118 3778 199 3829 nullo
217 3785 347 3829 tenentur
371 3774 498 3843 irnperio,
528 3771 711 3841 libertateque
739 3771 825 3823 veluti
841 3770 958 3842 quadam
979 3771 1116 3842 fruuntur3
1135 3777 1204 3828 aliae

118 3849 197 3900 ducis
218 3848 331 3916 imperio
349 3843 490 3897 subiectae
509 3851 580 3907 sunt,
598 3850 631 3894 ut
647 3858 734 3908 grues.
752 3858 815 3911 spes
834 3844 915 3894 etiam
927 3840 978 3893 rub
995 3859 1057 3913 rege
1074 3862 1106 3897 se
1124 3863 1205 3915 prae-

118 3919 194 3970 l'eoto
222 3916 341 3988 quodam
369 3931 463 3985 operas
489 3930 551 3965 suas
571 3912 733 3976 absolvunt,
754 3929 806 3964 nec
824 3912 899 3983 prius
916 3911 952 3963 ad
967 3923 1044 3984 prsta
1061 3918 1204 3968 convolare

115 3988 212 4041 solent
232 4004 312 4057 quam
340 4002 428 4055 regem
451 3984 557 4035 initium
582 3982 709 4036 avolandi
726 3983 822 4034 sociere
839 3986 1034 4053 conspexerint
1053 4002 1144 4056 neque
1161 4002 1205 4037 re-

114 4076 180 4129 gem
198 4058 272 4109 huno
292 4057 422 4125 suffragiis
442 4056 521 4125 quasi
538 4054 673 4106 delectum
695 4052 809 4115 hebent,
829 4051 903 4105 seda
917 4064 1015 4107 natura
1033 4058 1063 4109 ia
1081 4055 1205 4107 omnibus

115 4130 289 4202 prinoipem,
306 4128 484 4181 excellentem
503 4132 624 4179 eteterot
649 4122 834 4195 magnitudine
853 4124 938 4177 torma
957 4134 987 4181 et
1003 4126 1105 4179 indolis
1121 4134 1205 4193 utque
