2742 4617
468 263 676 328 leuatum
707 265 808 328 raus
838 265 877 327 u.
1121 239 1200 322 3οι

126 419 235 496 (latre,
268 410 323 476 uui
351 415 498 492 τελεύτα,
531 410 613 476 διότι
642 414 838 497 ἠπειθήσατε
858 417 901 500 τῷ
933 411 1131 499 ρἰζματέμον
1153 417 1208 480 tut

124 517 186 578 τοῦ
207 506 322 586 ὕδατος
341 516 397 596 τῆς
420 511 624 593 ιῖντιλογήις.”
665 511 767 577 πάντα
787 515 889 577 ταῦτα
909 507 1112 597 πεποιίγκενῆ
1133 517 1205 580 etr·-

122 629 194 693 ιρις.
238 612 429 687 ἐπιτιθέντες
453 609 514 692 γδρ
548 611 701 676 Ἰουδαῖοι
718 613 764 698 τῷ
788 613 867 698 θειλρ
887 616 1021 693 Macer,
1046 604 1100 676 ὅτε
1119 612 1203 678 ἐθα-

121 716 193 792 μοῖν
212 703 253 794 ἦν
274 708 328 775 διὰ
349 707 407 792 τὴν
427 713 482 792 τῆς
494 708 636 794 Μαριὰμ
658 705 816 792 τελευτήν,
835 713 892 776 καί
906 709 1087 792 βιαζόμενοι
1105 710 1204 794 χάριν

93 805 253 890 ὅδ’δατος,
274 805 317 882 αἷς
338 810 372 873 ἐν
386 811 426 894 τῇ
445 811 543 897 βίβλῳ
564 812 627 874 τῶν
649 808 794 892 α’ριθμιόν
811 811 1003 893 γέγραπται,
1023 810 1204 894 ἠνάγκασαν

121 907 181 992 τήν
197 911 374 994 α’μᾳέβολον
393 909 512 990 ἐκείνην
533 910 674 991 προϊέναι
700 905 820 992 φωνήν.
863 902 944 995 ἄφες
964 908 1073 974 λοιπὸν
1088 906 1127 974 τὰ
1146 911 1204 974 τοῦ

115 1004 291 1092 Ἰωσήπου,
311 1003 360 1070 ὅτι
381 1004 436 1068 καί
456 1005 534 1069 κατα
555 1003 658 1069 πάντα
677 1015 746 1080 ταῖς
762 1004 864 1090 ἱεραῖς
883 1017 1022 1094 γραφαῖς
1041 1008 1231 1080 irenaei-c

119 1129 204 1186 μενα
227 1109 407 1192 φαίνονται·
459 1107 516 1167 καί
532 1103 594 1188 γδρ
622 1103 674 1168 διδ
698 1104 793 1169 θείαν
812 1104 905 1190 ὀργὴν
923 1104 1140 1191 ἐτελεύτησεν,
1162 1110 1202 1172 οδ

120 1203 186 1290 μὴν
207 1203 260 1269 διὰ
280 1207 397 1287 γῆρας,
418 1202 460 1278 ὥς
481 1204 597 1276 ἐκεῖνος
613 1201 720 1288 φησιν.
738 1199 788 1266 ὅτι
811 1205 848 1268 δὲ
868 1204 925 1268 τοῦ
942 1207 1023 1268 θεοῦ
1040 1204 1202 1286 α’ργισθέν-

68 1327 173 1382 τοτος
193 1301 247 1369 ἐπὶ
266 1311 332 1378 τοῖς
350 1297 554 1377 κατασκόποις
575 1301 630 1386 ἔτη
656 1302 887 1387 τεσσαράκοντα
904 1305 1063 1388 διέτριψεν
1085 1300 1104 1369 ri
1125 1303 1200 1382 λαός

119 1408 154 1470 ἐν
174 1407 215 1491 τῇ
231 1401 357 1492 ἐρήμῳ,
377 1399 433 1466 κατ’
452 1403 546 1488 ἐντῷ
567 1401 805 1490 Δευτερονομιλρ
824 1406 914 1468 τοῦτο
933 1408 1045 1490 σαφῶς
1063 1403 1201 1489 δεδήλω-

118 1529 186 1568 ται.
229 1499 319 1586 ἡνίκα
344 1498 406 1587 γὰρ
434 1500 451 1564 δ
473 1503 600 1585 Μωσῆς
625 1498 664 1566 ari
687 1507 851 1568 τελευταῖα
882 1506 926 1590 τῷ
946 1508 1012 1593 λαῷ
1030 1507 1199 1586 διελέγετο,

119 1602 269 1667 reiraida
298 1603 377 1682 πρὸς
406 1607 470 1676 τοῖς
493 1593 600 1676 ἄλλοις
624 1599 728 1684 ἔλεγεν
745 1596 907 1684 ,ἤλθομεν
926 1605 983 1667 κατ’
1002 1604 1077 1684 αρδν
1096 1607 1142 1678 εἰς
1162 1604 1197 1668 ro*

118 1705 254 1786 περᾶσαι
280 1704 336 1764 κατ’
363 1705 670 1785 κατακληρονομῆοαι
695 1701 751 1786 τὴν
771 1701 967 1766 Χανανίτιδα
993 1704 1084 1786 yps?
1131 1703 1198 1766 ἀλλ’

68 1801 148 1866 ι5οὶ
170 1797 358 1886 διάστροφοι
379 1803 490 1865 ἐκεῖνοι
510 1799 701 1866 κατάσκοποι
732 1804 788 1867 κατ’
808 1799 826 1866 ὅ
848 1806 908 1868 τοῦ
925 1806 1004 1867 λαοδ
1024 1802 1198 1887 γογγυσμὸς

116 1899 170 1984 ἔτι]
187 1898 218 1981 μ’
243 1897 498 1984 περἰπλανᾶοθαι
517 1898 634 1975 αὗτούς
659 1903 694 1964 ἐν
713 1903 751 1989 τῇ
771 1899 877 1988 ἐρήμῳ
896 1899 1053 1984 πεποίηκε.
1094 1905 1196 1968 ταῦτα

116 2004 152 2065 δὲ
182 1999 263 2084 πρὸς
291 1998 410 2074 ον’τοδς
440 1995 543 2081 ἔλεγεν
569 1999 602 2062 ἐν
629 2003 668 2086 τῇ
699 2003 830 2086 δευτέρᾳ
859 2000 1060 2088 ὑποστροφῇ,
1081 2004 1143 2066 τῶν
1162 1997 1227 2082 pin
1298 2011 1309 2034 '

115 2103 196 2164 ἐτῶν
216 2097 335 2183 δηλαδὴ
366 2099 602 2183 συμπληρώσει.
651 2098 786 2181 πρόσεχε
807 2097 933 2164 λοιπόν·
972 2103 1117 2185 φαίνεται
1133 2101 1194 2184 γὰρ

115 2203 262 2262 ἐντεῦθεν
282 2195 331 2262 ὅτι
357 2199 387 2262 εἰ
412 2199 457 2280 μὴ
478 2200 552 2262 θεία
581 2190 619 2282 ἦν
641 2197 719 2282 σ’ργὴ
743 2201 798 2283 τῆς
817 2204 881 2262 τῶν
901 2196 1105 2264 κατασκόπων
1125 2203 1195 2264 δια-

64 2302 254 2382 αοστροφῆς
276 2297 399 2377 ἕνεκεν,
420 2297 454 2360 ἐν
474 2303 594 2382 βραχεῖ
610 2300 743 2382 διῆλθον
759 2297 814 2382 τὴν
833 2294 949 2380 ἔρημον
968 2297 1024 2362 κατ’
1038 2295 1095 2364 τὸν
1110 2297 1196 2384 Ἰορ-

114 2394 212 2480 δάνην
233 2398 391 2476 ἐπέρασαν
414 2389 466 2459 ἅν.

203 2495 325 2560 Οδκοῦν
348 2491 402 2578 ἔτη
421 2492 452 2576 μ’
471 2500 710 2582 περιπατοῦντες
731 2496 810 2562 κατὰ
832 2495 889 2581 τὴν
907 2495 1023 2582 ἔρημον
1036 2494 1071 2563 τό
1090 2495 1192 2580 μάννα

112 2745 257 2808 propterea
286 2737 358 2808 quod
382 2739 470 2790 verbis
489 2742 554 2794 meis
580 2741 614 2792 ad
633 2757 729 2812 aquam
747 2742 827 2811 iurgii
844 2739 924 2793 iidem
945 2757 1000 2792 non
1018 2738 1192 2793 habueritis.'’

112 2820 199 2878 atque
224 2807 289 2860 haec
316 2809 406 2860 omnia
432 2810 466 2861 de
494 2811 609 2880 quadam
633 2812 789 2864 adflictione
806 2812 927 2881 prolecta
949 2819 1031 2862 erant.
1050 2824 1112 2860 nam
1130 2828 1190 2862 cunr

111 2879 229 2932 liebraei
251 2878 286 2930 ad
305 2879 407 2930 Morem
431 2883 620 2944 convolarent,
646 2883 705 2952 ipso
723 2891 834 2952 propter
850 2881 951 2932 Mariae
970 2881 1067 2932 sororis
1086 2879 1191 2932 obitum

110 2951 197 3014 tristi,
218 2958 246 3000 et
264 2949 398 3002 violenter
413 2967 474 3002 eum
491 2962 616 3020 urgerent
633 2953 668 3004 ob
686 2971 772 3023 aquae
792 2953 935 3013 deiectum,
956 2951 1026 3001 sicut
1042 2950 1071 3000 in
1088 2949 1190 3002 Nume·

111 3038 202 3072 rorum
220 3019 289 3072 libro
309 3022 487 3090 perscriptum
504 3023 633 3091 legimus,
652 3023 721 3075 hano
740 3025 764 3074 ei
776 3040 868 3075 vocem
888 3020 1068 3073 dubitationis
1080 3020 1189 3088 plenam

112 3099 290 3143 extorserunt.
316 3101 480 3213 quapropter
500 3094 603 3144 missam
626 3094 667 3146 lac
688 3093 800 3163 losephi
815 3094 1010 3152 narrationem,
1028 3107 1098 3160 quae
1113 3108 1191 3159 pror-

110 3180 157 3214 sus
176 3161 275 3214 litteris
302 3163 382 3213 sacris
403 3179 418 3212 α
439 3165 536 3215 versari
561 3163 675 3215 videtur.
710 3165 800 3216 Moses
820 3165 890 3216 enim
911 3169 1021 3233 propter
1036 3163 1102 3212 iram
1120 3160 1190 3214 diri-

110 3249 174 3284 nam
191 3232 245 3282 hoe
272 3231 353 3283 modo
372 3241 493 3284 mortuus
512 3241 565 3298 est,
591 3252 646 3286 non
665 3233 701 3285 ob
719 3236 867 3287 senectutis
884 3235 995 3296 molem,
1014 3231 1190 3303 quemadmo-

110 3297 175 3354 dum
193 3303 242 3353 ille
266 3301 356 3355 tradit.
374 3301 448 3372 quod
466 3313 556 3356 autem
581 3304 633 3356 deo
654 3313 766 3374 propter
782 3305 964 3375 exploratores
983 3304 1052 3355 irato
1070 3303 1188 3371 populus

109 3375 188 3426 aunis
207 3371 383 3442 quadraginta
401 3374 431 3425 in
448 3375 595 3427 solitudine
614 3385 791 3428 commoratus
810 3377 853 3438 sit,
872 3377 954 3427 etiam
971 3375 1000 3426 iu
1018 3374 1188 3424 Deuterono-

108 3445 163 3496 mio
182 3444 323 3512 perspicue
344 3442 564 3497 indiminutum
582 3447 654 3498 enim
671 3446 761 3498 Moses
780 3453 899 3499 extrema
917 3446 1039 3498 oratione
1057 3442 1188 3513 populum

107 3514 309 3583 alloqueretur,
325 3515 397 3566 inter
415 3515 468 3567 elia
488 3517 578 3570 verbis
594 3516 749 3569 huiusmodi
771 3533 835 3568 usur
854 3523 895 3568 eat
911 3514 1087 3579 ,aemulum
1105 3514 1187 3566 etiarn

106 3593 188 3636 autea
208 3585 344 3636 traiecturi
361 3585 470 3650 flumen,
492 3595 519 3640 et
539 3595 637 3640 terram
655 3586 862 3639 Chananitidem
880 3585 1052 3654 occupaturi:
1070 3583 1119 3635 red
1139 3599 1187 3634 ex-

105 3654 258 3724 ploratores
283 3653 326 3705 illi
349 3658 465 3724 perversi
492 3659 642 3728 populique
666 3657 786 3710 fremitus
811 3660 958 3709 effecerunt
976 3663 1008 3706 ut
1024 3654 1100 3706 annis
1118 3670 1186 3723 qua-

106 3725 230 3793 draginta
247 3739 296 3793 per
321 3725 494 3780 solitudinem
516 3730 731 3799 obvagaremur.”
756 3743 826 3798 quae
843 3725 954 3798 quidem
973 3724 1053 3779 verba
1071 3725 1185 3794 protulit

105 3798 135 3848 in
152 3797 238 3848 altera
257 3797 410 3849 reversione
429 3797 464 3850 ad
481 3801 641 3864 Iordanem,
661 3817 722 3852 oum
738 3797 802 3850 anni
821 3799 925 3850 seilicet
939 3796 1114 3866 quadraginta
1129 3794 1184 3848 iam

104 3866 232 3937 completi
253 3875 350 3918 essent.
370 3876 452 3937 atque
470 3869 544 3933 heio,
562 3887 677 3941 quaeso,
695 3869 762 3922 mihi
781 3870 897 3920 aniruum
916 3867 1057 3919 advertito.
1074 3865 1184 3918 videtur

104 3938 177 3990 enim
196 3935 315 3988 futurum
334 3935 418 3990 luisse
437 3947 467 3990 ut
482 3941 535 3992 nisi
552 3940 642 3994 divina
659 3943 744 3993 istaec
760 3940 800 3990 ira
821 3939 1018 3991 intercessisret
1035 3936 1071 3988 ob
1089 3936 1183 4005 explo-

105 4017 223 4060 ratorum
248 4008 451 4076 perversitatem
470 4019 546 4074 orta,
576 4011 650 4064 brevi
671 4010 815 4063 admodum
832 4010 961 4080 temporie
978 4009 1066 4079 spatio
1085 4007 1182 4059 solitu·

103 4078 195 4132 dinem
213 4087 401 4146 peragrarent,
420 4097 450 4131 ac
467 4081 606 4134 Iordanem
625 4083 789 4134 traiicerent.

173 4147 315 4200 Caeterum
335 4146 399 4204 dum
423 4152 499 4203 annis
519 4155 552 4221 lo
571 4170 619 4224 per
642 4152 815 4204 solitudinem
834 4151 897 4202 hine
916 4149 980 4202 inde
1000 4145 1178 4206 oberrabant.
