<?xml version="1.0" encoding="UTF-8"?>
<!DOCTYPE html PUBLIC "-//W3C//DTD XHTML 1.0 Transitional//EN"
    "http://www.w3.org/TR/xhtml1/DTD/xhtml1-transitional.dtd">
<html xmlns="http://www.w3.org/1999/xhtml" xml:lang="en" lang="en">
 <head>
  <title>
</title>
<meta http-equiv="Content-Type" content="text/html;charset=utf-8" />
  <meta name='ocr-system' content='tesseract 3.04.00' />
  <meta name='ocr-capabilities' content='ocr_page ocr_carea ocr_par ocr_line ocrx_word'/>
</head>
<body>
  <div class='ocr_page' id='page_1' title='image "./michaelisglycae01glycgoog/michaelisglycae01glycgoog_0289.png"; bbox 0 0 2742 4617; ppageno 0'>
   <div class='ocr_carea' id='block_1_1' title="bbox 447 247 1184 347">
    <p class='ocr_par' dir='ltr' id='par_1_1' title="bbox 447 247 1184 347">
     <span class='ocr_line' id='line_1_1' title="bbox 447 247 1184 347; baseline -0.019 0"><span class='ocrx_word' id='word_1_1' title='bbox 447 281 661 347; x_wconf 69' lang='lat' dir='ltr'>laurarum</span> <span class='ocrx_word' id='word_1_2' title='bbox 692 281 793 346; x_wconf 80' lang='lat' dir='ltr'>raas</span> <span class='ocrx_word' id='word_1_3' title='bbox 822 283 862 345; x_wconf 90' lang='grc' dir='ltr'>ιι.</span> <span class='ocrx_word' id='word_1_4' title='bbox 1100 247 1184 334; x_wconf 82' lang='lat'>233</span> 
     </span>
    </p>
   </div>
   <div class='ocr_carea' id='block_1_2' title="bbox 99 421 1189 524">
    <p class='ocr_par' dir='ltr' id='par_1_2' title="bbox 99 421 1189 524">
     <span class='ocr_line' id='line_1_2' title="bbox 99 421 1189 524; baseline -0.004 -27"><span class='ocrx_word' id='word_1_5' title='bbox 99 437 223 518; x_wconf 74' lang='grc' dir='ltr'><strong><em>γενεαῖς</em></strong></span> <span class='ocrx_word' id='word_1_6' title='bbox 244 423 275 494; x_wconf 83' lang='lat' dir='ltr'>oi</span> <span class='ocrx_word' id='word_1_7' title='bbox 304 421 471 513; x_wconf 76' lang='grc' dir='ltr'><strong><em>ἄνθρωποι</em></strong></span> <span class='ocrx_word' id='word_1_8' title='bbox 494 431 653 512; x_wconf 80' lang='grc' dir='ltr'><strong><em>διέμειναν</em></strong></span> <span class='ocrx_word' id='word_1_9' title='bbox 679 425 757 494; x_wconf 73' lang='grc' dir='ltr'><strong><em>θεὸν</em></strong></span> <span class='ocrx_word' id='word_1_10' title='bbox 776 425 944 512; x_wconf 80' lang='grc' dir='ltr'><strong><em>ἡγεόμενοι</em></strong></span> <span class='ocrx_word' id='word_1_11' title='bbox 963 421 1114 524; x_wconf 68' lang='grc' dir='ltr'>Ιδεσπότην</span> <span class='ocrx_word' id='word_1_12' title='bbox 1133 427 1189 494; x_wconf 77' lang='grc' dir='ltr'><strong><em>κατ’</em></strong></span> 
     </span>
    </p>
   </div>
   <div class='ocr_carea' id='block_1_3' title="bbox 54 521 1287 2588">
    <p class='ocr_par' dir='ltr' id='par_1_3' title="bbox 54 521 1287 2588">
     <span class='ocr_line' id='line_1_3' title="bbox 98 521 1188 613; baseline -0.009 -17"><span class='ocrx_word' id='word_1_13' title='bbox 98 530 204 596; x_wconf 80' lang='grc' dir='ltr'><strong><em>πόντα</em></strong></span> <span class='ocrx_word' id='word_1_14' title='bbox 223 526 303 613; x_wconf 89' lang='grc' dir='ltr'><strong><em>πρός</em></strong></span> <span class='ocrx_word' id='word_1_15' title='bbox 323 527 438 610; x_wconf 74' lang='grc' dir='ltr'><strong><em>α’ρετην</em></strong></span> <span class='ocrx_word' id='word_1_16' title='bbox 456 529 632 607; x_wconf 74' lang='grc' dir='ltr'><strong><em>βλέποντες.</em></strong></span> <span class='ocrx_word' id='word_1_17' title='bbox 673 523 752 607; x_wconf 74' lang='grc' dir='ltr'><strong><em>μετὰ</em></strong></span> <span class='ocrx_word' id='word_1_18' title='bbox 772 528 918 592; x_wconf 75' lang='grc' dir='ltr'>δὲταῦτα</span> <span class='ocrx_word' id='word_1_19' title='bbox 939 521 1188 606; x_wconf 75' lang='grc' dir='ltr'><strong><em>μεταβάλλονται</em></strong></span> 
     </span>
     <span class='ocr_line' id='line_1_4' title="bbox 98 617 1187 713; baseline -0.009 -21"><span class='ocrx_word' id='word_1_20' title='bbox 98 624 228 713; x_wconf 86' lang='grc' dir='ltr'><strong><em>πρόςτό</em></strong></span> <span class='ocrx_word' id='word_1_21' title='bbox 247 633 366 710; x_wconf 70' lang='grc' dir='ltr'><strong><em>χεῖρον.</em></strong></span> <span class='ocrx_word' id='word_1_22' title='bbox 388 624 499 690; x_wconf 69' lang='grc' dir='ltr'><strong><em>πολλοὶ</em></strong></span> <span class='ocrx_word' id='word_1_23' title='bbox 516 622 578 710; x_wconf 74' lang='grc' dir='ltr'>γὰρ</span> <span class='ocrx_word' id='word_1_24' title='bbox 599 617 723 709; x_wconf 70' lang='grc' dir='ltr'><strong><em>ἄγγελοι</em></strong></span> <span class='ocrx_word' id='word_1_25' title='bbox 744 627 824 690; x_wconf 72' lang='grc' dir='ltr'><strong><em>θεοῦ</em></strong></span> <span class='ocrx_word' id='word_1_26' title='bbox 836 625 962 707; x_wconf 73' lang='grc' dir='ltr'><strong><em>γυναιξὶ</em></strong></span> <span class='ocrx_word' id='word_1_27' title='bbox 983 623 1187 704; x_wconf 71' lang='grc' dir='ltr'><strong><em>συμμιγέντες</em></strong></span> 
     </span>
     <span class='ocr_line' id='line_1_5' title="bbox 99 716 1186 812; baseline -0.009 -20"><span class='ocrx_word' id='word_1_28' title='bbox 99 723 257 812; x_wconf 76' lang='grc' dir='ltr'><strong><em>όβριστόις</em></strong></span> <span class='ocrx_word' id='word_1_29' title='bbox 276 726 443 808; x_wconf 70' lang='grc' dir='ltr'>ἐγέννησαν</span> <span class='ocrx_word' id='word_1_30' title='bbox 461 725 578 799; x_wconf 75' lang='grc' dir='ltr'><strong><em>παῖδας</em></strong></span> <span class='ocrx_word' id='word_1_31' title='bbox 598 725 655 789; x_wconf 70' lang='grc' dir='ltr'><strong><em>κατ’</em></strong></span> <span class='ocrx_word' id='word_1_32' title='bbox 680 721 799 800; x_wconf 81' lang='grc' dir='ltr'><strong><em>παντὸς</em></strong></span> <span class='ocrx_word' id='word_1_33' title='bbox 820 719 998 806; x_wconf 74' lang='grc' dir='ltr'><strong><em>ὑπερόπτας</em></strong></span> <span class='ocrx_word' id='word_1_34' title='bbox 1016 721 1113 784; x_wconf 79' lang='grc' dir='ltr'><strong><em>καλοῦ</em></strong></span> <span class='ocrx_word' id='word_1_35' title='bbox 1131 716 1186 782; x_wconf 73' lang='grc' dir='ltr'>διὰ</span> 
     </span>
     <span class='ocr_line' id='line_1_6' title="bbox 72 813 1189 912; baseline -0.008 -22"><span class='ocrx_word' id='word_1_36' title='bbox 72 824 161 909; x_wconf 70' lang='grc' dir='ltr'>ὅτῆε</span> <span class='ocrx_word' id='word_1_37' title='bbox 180 823 236 890; x_wconf 78' lang='grc' dir='ltr'>ε’πί</span> <span class='ocrx_word' id='word_1_38' title='bbox 252 826 292 912; x_wconf 78' lang='grc' dir='ltr'><strong><em>τῇ</em></strong></span> <span class='ocrx_word' id='word_1_39' title='bbox 314 821 449 904; x_wconf 78' lang='grc' dir='ltr'>δυνάμει</span> <span class='ocrx_word' id='word_1_40' title='bbox 467 825 664 908; x_wconf 65' lang='grc' dir='ltr'><strong><em>πεποιθησιν.</em></strong></span> <span class='ocrx_word' id='word_1_41' title='bbox 714 819 789 888; x_wconf 69' lang='grc' dir='ltr'><strong><em>ὅθεν</em></strong></span> <span class='ocrx_word' id='word_1_42' title='bbox 811 824 983 886; x_wconf 78' lang='grc' dir='ltr'><strong><em>διανοεῖται</em></strong></span> <span class='ocrx_word' id='word_1_43' title='bbox 1003 813 1019 882; x_wconf 89' lang='grc' dir='ltr'><strong><em>ό</em></strong></span> <span class='ocrx_word' id='word_1_44' title='bbox 1040 817 1116 894; x_wconf 81' lang='grc' dir='ltr'><strong><em>θεὸς</em></strong></span> <span class='ocrx_word' id='word_1_45' title='bbox 1133 816 1189 882; x_wconf 82' lang='grc' dir='ltr'><strong><em>καί</em></strong></span> 
     </span>
     <span class='ocr_line' id='line_1_7' title="bbox 99 915 1187 1009; baseline -0.007 -19"><span class='ocrx_word' id='word_1_46' title='bbox 99 927 167 990; x_wconf 79' lang='grc' dir='ltr'>πᾶν</span> <span class='ocrx_word' id='word_1_47' title='bbox 184 917 262 988; x_wconf 76' lang='grc' dir='ltr'><strong><em>ὅσον</em></strong></span> <span class='ocrx_word' id='word_1_48' title='bbox 281 915 321 1006; x_wconf 79' lang='grc' dir='ltr'>ἧν</span> <span class='ocrx_word' id='word_1_49' title='bbox 349 915 552 1004; x_wconf 75' lang='grc' dir='ltr'><strong><em>όνθραὶπινυν</em></strong></span> <span class='ocrx_word' id='word_1_50' title='bbox 577 923 768 1009; x_wconf 70' lang='grc' dir='ltr'><strong><em>διαφθεῖραι</em></strong></span> <span class='ocrx_word' id='word_1_51' title='bbox 795 918 857 988; x_wconf 73' lang='grc' dir='ltr'><strong><em>σιἰν</em></strong></span> <span class='ocrx_word' id='word_1_52' title='bbox 879 919 1000 1002; x_wconf 77' lang='grc' dir='ltr'><strong><em>αὐτοῖς,</em></strong></span> <span class='ocrx_word' id='word_1_53' title='bbox 1023 917 1078 984; x_wconf 71' lang='grc' dir='ltr'><strong><em>κατ’</em></strong></span> <span class='ocrx_word' id='word_1_54' title='bbox 1096 920 1187 1000; x_wconf 81' lang='grc' dir='ltr'><strong><em>ποιῆ-</em></strong></span> 
     </span>
     <span class='ocr_line' id='line_1_8' title="bbox 99 1003 1186 1107; baseline -0.008 -18"><span class='ocrx_word' id='word_1_55' title='bbox 99 1047 159 1090; x_wconf 91' lang='grc' dir='ltr'>σαι</span> <span class='ocrx_word' id='word_1_56' title='bbox 177 1025 266 1106; x_wconf 76' lang='grc' dir='ltr'><strong><em>γένος</em></strong></span> <span class='ocrx_word' id='word_1_57' title='bbox 287 1023 394 1107; x_wconf 80' lang='grc' dir='ltr'><strong><em>ἓτερον</em></strong></span> <span class='ocrx_word' id='word_1_58' title='bbox 416 1021 569 1106; x_wconf 77' lang='grc' dir='ltr'>πονηρίας</span> <span class='ocrx_word' id='word_1_59' title='bbox 589 1021 748 1107; x_wconf 73' lang='grc' dir='ltr'><strong><em>καθαρόν,</em></strong></span> <span class='ocrx_word' id='word_1_60' title='bbox 771 1017 1007 1101; x_wconf 75' lang='grc' dir='ltr'><strong><em>ἑπιτεμνόμενος</em></strong></span> <span class='ocrx_word' id='word_1_61' title='bbox 1028 1015 1083 1082; x_wconf 80' lang='grc' dir='ltr'><strong><em>κατ’</em></strong></span> <span class='ocrx_word' id='word_1_62' title='bbox 1101 1003 1186 1081; x_wconf 74' lang='grc' dir='ltr'><strong><em>ου’τῖι</em></strong></span> 
     </span>
     <span class='ocr_line' id='line_1_9' title="bbox 99 1113 1188 1205; baseline -0.009 -18"><span class='ocrx_word' id='word_1_63' title='bbox 99 1121 143 1188; x_wconf 78' lang='grc' dir='ltr'><strong><em>τό</em></strong></span> <span class='ocrx_word' id='word_1_64' title='bbox 164 1119 219 1205; x_wconf 79' lang='grc' dir='ltr'><strong><em>ἔτη</em></strong></span> <span class='ocrx_word' id='word_1_65' title='bbox 238 1118 318 1202; x_wconf 76' lang='grc' dir='ltr'><strong><em>οἵπερ</em></strong></span> <span class='ocrx_word' id='word_1_66' title='bbox 338 1117 492 1204; x_wconf 86' lang='grc' dir='ltr'><strong><em>πρότερον</em></strong></span> <span class='ocrx_word' id='word_1_67' title='bbox 516 1117 627 1199; x_wconf 83' lang='grc' dir='ltr'><strong><em>ε’ζοσν.”</em></strong></span> <span class='ocrx_word' id='word_1_68' title='bbox 676 1121 757 1186; x_wconf 73' lang='grc' dir='ltr'>ἀλλὰ</span> <span class='ocrx_word' id='word_1_69' title='bbox 778 1123 833 1186; x_wconf 83' lang='grc' dir='ltr'><strong><em>καί</em></strong></span> <span class='ocrx_word' id='word_1_70' title='bbox 862 1115 1000 1201; x_wconf 74' lang='grc' dir='ltr'><strong><em>όμέγας</em></strong></span> <span class='ocrx_word' id='word_1_71' title='bbox 1026 1113 1188 1198; x_wconf 80' lang='grc' dir='ltr'><strong><em>Κόριλλος</em></strong></span> 
     </span>
     <span class='ocr_line' id='line_1_10' title="bbox 99 1211 1287 1305; baseline -0.014 -21"><span class='ocrx_word' id='word_1_72' title='bbox 99 1223 187 1305; x_wconf 67' lang='grc' dir='ltr'><strong><em>λέγει</em></strong></span> <span class='ocrx_word' id='word_1_73' title='bbox 205 1216 255 1285; x_wconf 82' lang='grc' dir='ltr'><strong><em>ότι</em></strong></span> <span class='ocrx_word' id='word_1_74' title='bbox 273 1218 392 1296; x_wconf 72' lang='grc' dir='ltr'><strong><em>ἰδόντες</em></strong></span> <span class='ocrx_word' id='word_1_75' title='bbox 413 1216 529 1285; x_wconf 77' lang='lat' dir='ltr'>civici</span> <span class='ocrx_word' id='word_1_76' title='bbox 546 1222 606 1284; x_wconf 77' lang='grc' dir='ltr'><strong><em>τοῦ</em></strong></span> <span class='ocrx_word' id='word_1_77' title='bbox 625 1223 706 1285; x_wconf 77' lang='grc' dir='ltr'><strong><em>θεοῦ</em></strong></span> <span class='ocrx_word' id='word_1_78' title='bbox 713 1271 724 1302; x_wconf 84' lang='grc'><strong><em>,</em></strong></span> <span class='ocrx_word' id='word_1_79' title='bbox 744 1222 901 1284; x_wconf 79' lang='grc' dir='ltr'><strong><em>τουτέστιν</em></strong></span> <span class='ocrx_word' id='word_1_80' title='bbox 921 1214 951 1280; x_wconf 80' lang='grc' dir='ltr'>οἱ</span> <span class='ocrx_word' id='word_1_81' title='bbox 972 1213 1035 1280; x_wconf 81' lang='grc' dir='ltr'>αἰπὰ</span> <span class='ocrx_word' id='word_1_82' title='bbox 1050 1217 1108 1280; x_wconf 78' lang='grc' dir='ltr'><strong><em>τοῦ</em></strong></span> <span class='ocrx_word' id='word_1_83' title='bbox 1118 1211 1225 1297; x_wconf 74' lang='grc' dir='ltr'>ΣὴθΡ.</span> <span class='ocrx_word' id='word_1_84' title='bbox 1239 1215 1287 1284; x_wconf 76' lang='lat'>124</span> 
     </span>
     <span class='ocr_line' id='line_1_11' title="bbox 55 1299 1244 1405; baseline -0.009 -19"><span class='ocrx_word' id='word_1_85' title='bbox 55 1317 310 1402; x_wconf 85' lang='grc' dir='ltr'><strong><em>ιοιιαταγόμενοι</em></strong></span> <span class='ocrx_word' id='word_1_86' title='bbox 330 1317 461 1405; x_wconf 76' lang='grc' dir='ltr'><strong><em>(ἐκεῖνον</em></strong></span> <span class='ocrx_word' id='word_1_87' title='bbox 478 1299 541 1402; x_wconf 81' lang='grc' dir='ltr'>γόρ</span> <span class='ocrx_word' id='word_1_88' title='bbox 558 1316 612 1383; x_wconf 84' lang='lat' dir='ltr'>dui</span> <span class='ocrx_word' id='word_1_89' title='bbox 634 1316 692 1402; x_wconf 77' lang='grc' dir='ltr'><strong><em>τὴν</em></strong></span> <span class='ocrx_word' id='word_1_90' title='bbox 711 1316 826 1402; x_wconf 80' lang='grc' dir='ltr'><strong><em>αἷρετὴν</em></strong></span> <span class='ocrx_word' id='word_1_91' title='bbox 847 1317 947 1382; x_wconf 74' lang='grc' dir='ltr'><strong><em>αὐτοῦ</em></strong></span> <span class='ocrx_word' id='word_1_92' title='bbox 963 1311 1041 1380; x_wconf 77' lang='grc' dir='ltr'><strong><em>θεόν</em></strong></span> <span class='ocrx_word' id='word_1_93' title='bbox 1057 1313 1188 1399; x_wconf 81' lang='grc' dir='ltr'><strong><em>ἔλεγον),</em></strong></span> <span class='ocrx_word' id='word_1_94' title='bbox 1237 1302 1244 1315; x_wconf 79' lang='grc'><strong>’</strong></span> 
     </span>
     <span class='ocr_line' id='line_1_12' title="bbox 100 1405 1190 1502; baseline -0.007 -18"><span class='ocrx_word' id='word_1_95' title='bbox 100 1415 163 1494; x_wconf 76' lang='grc' dir='ltr'><strong><em>τός</em></strong></span> <span class='ocrx_word' id='word_1_96' title='bbox 181 1420 362 1501; x_wconf 66' lang='grc' dir='ltr'><strong><em>θυγατέρας</em></strong></span> <span class='ocrx_word' id='word_1_97' title='bbox 379 1417 444 1482; x_wconf 69' lang='grc' dir='ltr'><strong><em>ταῖν</em></strong></span> <span class='ocrx_word' id='word_1_98' title='bbox 459 1414 636 1500; x_wconf 58' lang='lat' dir='ltr'>tropeum</span> <span class='ocrx_word' id='word_1_99' title='bbox 654 1411 753 1502; x_wconf 83' lang='grc' dir='ltr'><strong><em>ἤγουν</em></strong></span> <span class='ocrx_word' id='word_1_100' title='bbox 773 1413 829 1493; x_wconf 76' lang='grc' dir='ltr'><strong><em>τὰς</em></strong></span> <span class='ocrx_word' id='word_1_101' title='bbox 850 1412 912 1480; x_wconf 75' lang='grc' dir='ltr'>ἀπό</span> <span class='ocrx_word' id='word_1_102' title='bbox 933 1414 993 1479; x_wconf 76' lang='grc' dir='ltr'><strong><em>τοῦ</em></strong></span> <span class='ocrx_word' id='word_1_103' title='bbox 1014 1413 1122 1493; x_wconf 66' lang='lat' dir='ltr'>Kato,</span> <span class='ocrx_word' id='word_1_104' title='bbox 1141 1405 1190 1476; x_wconf 84' lang='grc' dir='ltr'><strong><em>ότι</em></strong></span> 
     </span>
     <span class='ocr_line' id='line_1_13' title="bbox 101 1507 1191 1602; baseline -0.006 -20"><span class='ocrx_word' id='word_1_105' title='bbox 101 1517 201 1582; x_wconf 72' lang='grc' dir='ltr'><strong><em>καλαὶ</em></strong></span> <span class='ocrx_word' id='word_1_106' title='bbox 218 1516 262 1602; x_wconf 73' lang='grc' dir='ltr'><strong><em>τῷ</em></strong></span> <span class='ocrx_word' id='word_1_107' title='bbox 284 1513 363 1580; x_wconf 78' lang='grc' dir='ltr'><strong><em>εἴδει</em></strong></span> <span class='ocrx_word' id='word_1_108' title='bbox 393 1517 488 1596; x_wconf 77' lang='grc' dir='ltr'><strong><em>εἰσίν,</em></strong></span> <span class='ocrx_word' id='word_1_109' title='bbox 520 1512 634 1599; x_wconf 74' lang='grc' dir='ltr'><strong><em>ἔλαβον</em></strong></span> <span class='ocrx_word' id='word_1_110' title='bbox 653 1511 752 1592; x_wconf 74' lang='grc' dir='ltr'><strong><em>αὐτός</em></strong></span> <span class='ocrx_word' id='word_1_111' title='bbox 775 1517 819 1590; x_wconf 87' lang='grc' dir='ltr'>εἷς</span> <span class='ocrx_word' id='word_1_112' title='bbox 838 1521 999 1598; x_wconf 77' lang='grc' dir='ltr'><strong><em>γυναῖκας.</em></strong></span> <span class='ocrx_word' id='word_1_113' title='bbox 1041 1507 1115 1577; x_wconf 73' lang='grc' dir='ltr'><strong><em>ὅθεν</em></strong></span> <span class='ocrx_word' id='word_1_114' title='bbox 1135 1514 1191 1576; x_wconf 78' lang='grc' dir='ltr'><strong><em>κατ’</em></strong></span> 
     </span>
     <span class='ocr_line' id='line_1_14' title="bbox 101 1606 1191 1702; baseline -0.006 -22"><span class='ocrx_word' id='word_1_115' title='bbox 101 1617 271 1699; x_wconf 77' lang='grc' dir='ltr'><strong><em>ε’γεννῶντο</em></strong></span> <span class='ocrx_word' id='word_1_116' title='bbox 290 1611 321 1678; x_wconf 80' lang='grc' dir='ltr'>οἱ</span> <span class='ocrx_word' id='word_1_117' title='bbox 340 1614 501 1696; x_wconf 76' lang='grc' dir='ltr'><strong><em>γίγαντες,</em></strong></span> <span class='ocrx_word' id='word_1_118' title='bbox 525 1606 640 1702; x_wconf 70' lang='grc' dir='ltr'><strong><em>ἄνδρες</em></strong></span> <span class='ocrx_word' id='word_1_119' title='bbox 660 1617 817 1692; x_wconf 80' lang='grc' dir='ltr'><strong><em>δυσειόεῑς</em></strong></span> <span class='ocrx_word' id='word_1_120' title='bbox 836 1617 892 1680; x_wconf 80' lang='grc' dir='ltr'><strong><em>καί</em></strong></span> <span class='ocrx_word' id='word_1_121' title='bbox 912 1617 975 1678; x_wconf 82' lang='grc' dir='ltr'>πᾶν</span> <span class='ocrx_word' id='word_1_122' title='bbox 999 1609 1032 1676; x_wconf 76' lang='grc' dir='ltr'>εἴ</span> <span class='ocrx_word' id='word_1_123' title='bbox 1047 1636 1078 1676; x_wconf 90' lang='grc' dir='ltr'><strong><em>τι</em></strong></span> <span class='ocrx_word' id='word_1_124' title='bbox 1099 1612 1191 1674; x_wconf 85' lang='grc' dir='ltr'><strong><em>καίιι-</em></strong></span> 
     </span>
     <span class='ocr_line' id='line_1_15' title="bbox 102 1705 1189 1798; baseline -0.006 -19"><span class='ocrx_word' id='word_1_125' title='bbox 102 1736 181 1779; x_wconf 82' lang='grc' dir='ltr'><strong><em>στον</em></strong></span> <span class='ocrx_word' id='word_1_126' title='bbox 201 1705 310 1794; x_wconf 77' lang='grc' dir='ltr'><strong><em>ὄντες,</em></strong></span> <span class='ocrx_word' id='word_1_127' title='bbox 344 1714 502 1778; x_wconf 65' lang='lat' dir='ltr'>residenti</span> <span class='ocrx_word' id='word_1_128' title='bbox 532 1714 813 1798; x_wconf 80' lang='grc' dir='ltr'><strong><em>παραχαράξαντος</em></strong></span> <span class='ocrx_word' id='word_1_129' title='bbox 835 1709 951 1787; x_wconf 73' lang='lat' dir='ltr'>adroic</span> <span class='ocrx_word' id='word_1_130' title='bbox 972 1708 1025 1776; x_wconf 82' lang='grc' dir='ltr'>όιό</span> <span class='ocrx_word' id='word_1_131' title='bbox 1048 1707 1106 1793; x_wconf 74' lang='grc' dir='ltr'><strong><em>τὴν</em></strong></span> <span class='ocrx_word' id='word_1_132' title='bbox 1127 1735 1189 1790; x_wconf 92' lang='grc' dir='ltr'>μυ-</span> 
     </span>
     <span class='ocr_line' id='line_1_16' title="bbox 55 1805 1189 1896; baseline -0.006 -18"><span class='ocrx_word' id='word_1_133' title='bbox 55 1808 209 1896; x_wconf 73' lang='grc' dir='ltr'><strong><em>ιόσαροὶν</em></strong></span> <span class='ocrx_word' id='word_1_134' title='bbox 238 1811 345 1876; x_wconf 73' lang='grc' dir='ltr'><strong><em>ου’τσῖν</em></strong></span> <span class='ocrx_word' id='word_1_135' title='bbox 370 1817 468 1892; x_wconf 77' lang='grc' dir='ltr'><strong><em>μῖξιν.</em></strong></span> <span class='ocrx_word' id='word_1_136' title='bbox 521 1807 597 1878; x_wconf 76' lang='grc' dir='ltr'><strong><em>ὅθεν</em></strong></span> <span class='ocrx_word' id='word_1_137' title='bbox 626 1812 682 1877; x_wconf 71' lang='grc' dir='ltr'><strong><em>κατ’</em></strong></span> <span class='ocrx_word' id='word_1_138' title='bbox 700 1813 889 1890; x_wconf 77' lang='grc' dir='ltr'><strong><em>κατακλύζει</em></strong></span> <span class='ocrx_word' id='word_1_139' title='bbox 917 1808 1056 1891; x_wconf 70' lang='grc' dir='ltr'><strong><em>αὐτούς,</em></strong></span> <span class='ocrx_word' id='word_1_140' title='bbox 1080 1805 1189 1884; x_wconf 72' lang='grc' dir='ltr'><strong><em>καθώς</em></strong></span> 
     </span>
     <span class='ocr_line' id='line_1_17' title="bbox 100 1908 1188 1998; baseline -0.006 -22"><span class='ocrx_word' id='word_1_141' title='bbox 100 1908 199 1976; x_wconf 79' lang='grc' dir='ltr'>καὶὸ</span> <span class='ocrx_word' id='word_1_142' title='bbox 220 1918 394 1996; x_wconf 77' lang='grc' dir='ltr'><strong><em>κορυφαῖος</em></strong></span> <span class='ocrx_word' id='word_1_143' title='bbox 414 1910 545 1998; x_wconf 72' lang='grc' dir='ltr'><strong><em>ἐνέφηνε</em></strong></span> <span class='ocrx_word' id='word_1_144' title='bbox 569 1912 694 1996; x_wconf 80' lang='grc' dir='ltr'><strong><em>Πέτρος</em></strong></span> <span class='ocrx_word' id='word_1_145' title='bbox 714 1912 748 1976; x_wconf 79' lang='grc' dir='ltr'>ἐν</span> <span class='ocrx_word' id='word_1_146' title='bbox 770 1913 809 1997; x_wconf 82' lang='grc' dir='ltr'><strong><em>τῇ</em></strong></span> <span class='ocrx_word' id='word_1_147' title='bbox 828 1912 980 1996; x_wconf 81' lang='grc' dir='ltr'><strong><em>καθολικῇ</em></strong></span> <span class='ocrx_word' id='word_1_148' title='bbox 1001 1911 1099 1973; x_wconf 71' lang='grc' dir='ltr'><strong><em>αὐτοῦ</em></strong></span> <span class='ocrx_word' id='word_1_149' title='bbox 1115 1908 1188 1970; x_wconf 77' lang='grc' dir='ltr'><strong><em>δευ-</em></strong></span> 
     </span>
     <span class='ocr_line' id='line_1_18' title="bbox 101 2001 1187 2097; baseline -0.007 -21"><span class='ocrx_word' id='word_1_150' title='bbox 101 2013 181 2097; x_wconf 75' lang='grc' dir='ltr'><strong><em>τόρρ</em></strong></span> <span class='ocrx_word' id='word_1_151' title='bbox 199 2009 346 2096; x_wconf 76' lang='grc' dir='ltr'><strong><em>όπιστολῇ</em></strong></span> <span class='ocrx_word' id='word_1_152' title='bbox 366 2001 466 2086; x_wconf 79' lang='grc' dir='ltr'><strong><em>οότως</em></strong></span> <span class='ocrx_word' id='word_1_153' title='bbox 481 2007 577 2075; x_wconf 77' lang='grc' dir='ltr'><strong><em>εἰπών</em></strong></span> <span class='ocrx_word' id='word_1_154' title='bbox 589 2007 830 2092; x_wconf 85' lang='grc' dir='ltr'><strong><em>,,ιιαταιιλυσμόν</em></strong></span> <span class='ocrx_word' id='word_1_155' title='bbox 850 2005 954 2097; x_wconf 81' lang='grc' dir='ltr'><strong><em>κόσμῳ</em></strong></span> <span class='ocrx_word' id='word_1_156' title='bbox 972 2008 1094 2088; x_wconf 74' lang='grc' dir='ltr'><strong><em>σίσεβοῑν</em></strong></span> <span class='ocrx_word' id='word_1_157' title='bbox 1109 2005 1187 2070; x_wconf 78' lang='grc' dir='ltr'><strong><em>ε’πό-</em></strong></span> 
     </span>
     <span class='ocr_line' id='line_1_19' title="bbox 103 2100 1216 2190; baseline -0.005 -18"><span class='ocrx_word' id='word_1_158' title='bbox 103 2110 188 2188; x_wconf 84' lang='grc' dir='ltr'><strong><em>ξας.”</em></strong></span> <span class='ocrx_word' id='word_1_159' title='bbox 228 2105 281 2172; x_wconf 78' lang='lat' dir='ltr'>dui</span> <span class='ocrx_word' id='word_1_160' title='bbox 314 2112 350 2173; x_wconf 76' lang='grc' dir='ltr'><strong><em>τί</em></strong></span> <span class='ocrx_word' id='word_1_161' title='bbox 366 2111 402 2174; x_wconf 76' lang='lat' dir='ltr'>dd</span> <span class='ocrx_word' id='word_1_162' title='bbox 420 2107 496 2183; x_wconf 75' lang='grc' dir='ltr'><strong><em>τους</em></strong></span> <span class='ocrx_word' id='word_1_163' title='bbox 520 2107 575 2174; x_wconf 74' lang='grc' dir='ltr'>ἕνα</span> <span class='ocrx_word' id='word_1_164' title='bbox 594 2104 671 2173; x_wconf 75' lang='grc' dir='ltr'><strong><em>θεὸν</em></strong></span> <span class='ocrx_word' id='word_1_165' title='bbox 690 2111 945 2190; x_wconf 75' lang='grc' dir='ltr'><strong><em>προσκυνοῦντας</em></strong></span> <span class='ocrx_word' id='word_1_166' title='bbox 966 2109 1089 2188; x_wconf 72' lang='grc' dir='ltr'><strong><em>ἀσεβεῖς</em></strong></span> <span class='ocrx_word' id='word_1_167' title='bbox 1113 2100 1216 2174; x_wconf 73' lang='lat' dir='ltr'>iuti-la</span> 
     </span>
     <span class='ocr_line' id='line_1_20' title="bbox 103 2200 1188 2292; baseline -0.006 -20"><span class='ocrx_word' id='word_1_168' title='bbox 103 2213 197 2286; x_wconf 70' lang='lat' dir='ltr'>isos,</span> <span class='ocrx_word' id='word_1_169' title='bbox 212 2203 294 2271; x_wconf 83' lang='grc' dir='ltr'><strong><em>διότι</em></strong></span> <span class='ocrx_word' id='word_1_170' title='bbox 312 2209 463 2273; x_wconf 79' lang='grc' dir='ltr'><strong><em>τοσοῦτον</em></strong></span> <span class='ocrx_word' id='word_1_171' title='bbox 483 2205 676 2292; x_wconf 71' lang='grc' dir='ltr'><strong><em>ἐξεμάνησαν</em></strong></span> <span class='ocrx_word' id='word_1_172' title='bbox 699 2209 745 2284; x_wconf 84' lang='grc' dir='ltr'>εἰς</span> <span class='ocrx_word' id='word_1_173' title='bbox 765 2212 933 2284; x_wconf 73' lang='grc' dir='ltr'><strong><em>συνουσίας</em></strong></span> <span class='ocrx_word' id='word_1_174' title='bbox 953 2205 996 2280; x_wconf 71' lang='grc' dir='ltr'>ὥς</span> <span class='ocrx_word' id='word_1_175' title='bbox 1016 2201 1070 2268; x_wconf 71' lang='grc' dir='ltr'>ἐπὶ</span> <span class='ocrx_word' id='word_1_176' title='bbox 1091 2200 1188 2268; x_wconf 80' lang='grc' dir='ltr'><strong><em>εἴκοσι</em></strong></span> 
     </span>
     <span class='ocr_line' id='line_1_21' title="bbox 54 2297 1189 2392; baseline -0.006 -22"><span class='ocrx_word' id='word_1_177' title='bbox 54 2297 242 2388; x_wconf 78' lang='grc' dir='ltr'><strong><em>τοιῖνδρόσι</em></strong></span> <span class='ocrx_word' id='word_1_178' title='bbox 261 2304 319 2387; x_wconf 78' lang='grc' dir='ltr'><strong><em>την</em></strong></span> <span class='ocrx_word' id='word_1_179' title='bbox 338 2314 473 2386; x_wconf 82' lang='grc' dir='ltr'><strong><em>γυναῖκα</em></strong></span> <span class='ocrx_word' id='word_1_180' title='bbox 492 2310 732 2392; x_wconf 73' lang='grc' dir='ltr'><strong><em>περιφέρεσθαι.</em></strong></span> <span class='ocrx_word' id='word_1_181' title='bbox 773 2307 808 2372; x_wconf 74' lang='grc' dir='ltr'>ἐκ</span> <span class='ocrx_word' id='word_1_182' title='bbox 829 2301 942 2370; x_wconf 81' lang='grc' dir='ltr'><strong><em>τούτου</em></strong></span> <span class='ocrx_word' id='word_1_183' title='bbox 962 2300 1024 2387; x_wconf 81' lang='grc' dir='ltr'><strong><em>γσὶρ</em></strong></span> <span class='ocrx_word' id='word_1_184' title='bbox 1045 2299 1099 2366; x_wconf 79' lang='grc' dir='ltr'><strong><em>καί</em></strong></span> <span class='ocrx_word' id='word_1_185' title='bbox 1116 2298 1189 2376; x_wconf 77' lang='grc' dir='ltr'>τούς</span> 
     </span>
     <span class='ocr_line' id='line_1_22' title="bbox 104 2399 1189 2490; baseline -0.005 -24"><span class='ocrx_word' id='word_1_186' title='bbox 104 2399 200 2479; x_wconf 63' lang='lat' dir='ltr'>niodo</span> <span class='ocrx_word' id='word_1_187' title='bbox 217 2405 273 2466; x_wconf 77' lang='grc' dir='ltr'><strong><em>τοῦ</em></strong></span> <span class='ocrx_word' id='word_1_188' title='bbox 293 2406 391 2484; x_wconf 72' lang='grc' dir='ltr'><strong><em>θεοῦ,</em></strong></span> <span class='ocrx_word' id='word_1_189' title='bbox 411 2404 484 2480; x_wconf 83' lang='grc' dir='ltr'><strong><em>τοός</em></strong></span> <span class='ocrx_word' id='word_1_190' title='bbox 505 2406 540 2468; x_wconf 87' lang='grc' dir='ltr'>εἰι</span> <span class='ocrx_word' id='word_1_191' title='bbox 559 2408 616 2470; x_wconf 72' lang='grc' dir='ltr'><strong><em>τοῦ</em></strong></span> <span class='ocrx_word' id='word_1_192' title='bbox 628 2403 703 2488; x_wconf 68' lang='grc' dir='ltr'>Σὴθ</span> <span class='ocrx_word' id='word_1_193' title='bbox 721 2402 859 2489; x_wconf 73' lang='grc' dir='ltr'><strong><em>δηλαδή,</em></strong></span> <span class='ocrx_word' id='word_1_194' title='bbox 880 2399 959 2490; x_wconf 82' lang='grc' dir='ltr'><strong><em>πρὸς</em></strong></span> <span class='ocrx_word' id='word_1_195' title='bbox 977 2405 1065 2484; x_wconf 78' lang='grc' dir='ltr'><strong><em>μῖξιν</em></strong></span> <span class='ocrx_word' id='word_1_196' title='bbox 1085 2402 1189 2466; x_wconf 74' lang='grc' dir='ltr'><strong><em>εἵλκυ-</em></strong></span> 
     </span>
     <span class='ocr_line' id='line_1_23' title="bbox 104 2498 787 2588; baseline 0.003 -20"><span class='ocrx_word' id='word_1_197' title='bbox 104 2526 178 2568; x_wconf 88' lang='grc' dir='ltr'><strong><em>σαν.</em></strong></span> <span class='ocrx_word' id='word_1_198' title='bbox 226 2498 292 2566; x_wconf 78' lang='grc' dir='ltr'><strong><em>υἱοὶ</em></strong></span> <span class='ocrx_word' id='word_1_199' title='bbox 312 2502 348 2566; x_wconf 75' lang='grc' dir='ltr'>δὲ</span> <span class='ocrx_word' id='word_1_200' title='bbox 378 2505 437 2568; x_wconf 77' lang='grc' dir='ltr'><strong><em>τοῦ</em></strong></span> <span class='ocrx_word' id='word_1_201' title='bbox 465 2506 546 2568; x_wconf 74' lang='grc' dir='ltr'><strong><em>θεοῦ</em></strong></span> <span class='ocrx_word' id='word_1_202' title='bbox 571 2505 716 2588; x_wconf 73' lang='grc' dir='ltr'><strong><em>λέγονται</em></strong></span> <span class='ocrx_word' id='word_1_203' title='bbox 735 2528 787 2570; x_wconf 87' lang='grc' dir='ltr'>και</span> 
     </span>
    </p>
   </div>
   <div class='ocr_carea' id='block_1_4' title="bbox 104 2765 1194 4252">
    <p class='ocr_par' dir='ltr' id='par_1_4' title="bbox 106 2765 1192 3450">
     <span class='ocr_line' id='line_1_24' title="bbox 106 2765 1189 2842; baseline 0 -24"><span class='ocrx_word' id='word_1_204' title='bbox 106 2779 161 2836; x_wconf 90' lang='lat' dir='ltr'>pro</span> <span class='ocrx_word' id='word_1_205' title='bbox 179 2781 269 2818; x_wconf 86' lang='lat' dir='ltr'>rernm</span> <span class='ocrx_word' id='word_1_206' title='bbox 286 2765 393 2820; x_wconf 84' lang='lat' dir='ltr'>domino</span> <span class='ocrx_word' id='word_1_207' title='bbox 419 2777 594 2838; x_wconf 72' lang='lat' dir='ltr'>agnoscerent</span> <span class='ocrx_word' id='word_1_208' title='bbox 610 2769 749 2842; x_wconf 83' lang='lat' dir='ltr'>solamque</span> <span class='ocrx_word' id='word_1_209' title='bbox 766 2769 891 2824; x_wconf 81' lang='lat' dir='ltr'>virtutem</span> <span class='ocrx_word' id='word_1_210' title='bbox 910 2771 940 2822; x_wconf 88' lang='lat' dir='ltr'>in</span> <span class='ocrx_word' id='word_1_211' title='bbox 957 2767 1083 2821; x_wconf 87' lang='lat' dir='ltr'>omuibur</span> <span class='ocrx_word' id='word_1_212' title='bbox 1104 2767 1189 2836; x_wconf 79' lang='lat' dir='ltr'>respi-</span> 
     </span>
     <span class='ocr_line' id='line_1_25' title="bbox 107 2837 1189 2912; baseline 0.003 -25"><span class='ocrx_word' id='word_1_213' title='bbox 107 2843 211 2889; x_wconf 84' lang='lat' dir='ltr'>cerent.</span> <span class='ocrx_word' id='word_1_214' title='bbox 227 2837 262 2890; x_wconf 88' lang='lat' dir='ltr'>ab</span> <span class='ocrx_word' id='word_1_215' title='bbox 280 2853 313 2889; x_wconf 94' lang='lat' dir='ltr'>eo</span> <span class='ocrx_word' id='word_1_216' title='bbox 331 2838 425 2890; x_wconf 89' lang='lat' dir='ltr'>deince</span> <span class='ocrx_word' id='word_1_217' title='bbox 445 2849 592 2912; x_wconf 80' lang='lat' dir='ltr'>stempore</span> <span class='ocrx_word' id='word_1_218' title='bbox 609 2843 707 2894; x_wconf 84' lang='lat' dir='ltr'>mutati</span> <span class='ocrx_word' id='word_1_219' title='bbox 728 2851 792 2894; x_wconf 87' lang='lat' dir='ltr'>aunt</span> <span class='ocrx_word' id='word_1_220' title='bbox 809 2843 837 2893; x_wconf 89' lang='lat' dir='ltr'>in</span> <span class='ocrx_word' id='word_1_221' title='bbox 854 2841 940 2912; x_wconf 83' lang='lat' dir='ltr'>peina.</span> <span class='ocrx_word' id='word_1_222' title='bbox 958 2857 1020 2891; x_wconf 87' lang='lat' dir='ltr'>nam</span> <span class='ocrx_word' id='word_1_223' title='bbox 1040 2839 1189 2906; x_wconf 71' lang='lat' dir='ltr'><strong>complures</strong></span> 
     </span>
     <span class='ocr_line' id='line_1_26' title="bbox 107 2857 1190 2976; baseline 0.001 -18"><span class='ocrx_word' id='word_1_224' title='bbox 107 2923 142 2958; x_wconf 83' lang='lat' dir='ltr'>ex</span> <span class='ocrx_word' id='word_1_225' title='bbox 162 2906 208 2959; x_wconf 92' lang='lat' dir='ltr'>dei</span> <span class='ocrx_word' id='word_1_226' title='bbox 223 2909 289 2960; x_wconf 84' lang='lat' dir='ltr'>tiliis</span> <span class='ocrx_word' id='word_1_227' title='bbox 306 2925 366 2961; x_wconf 87' lang='lat' dir='ltr'>curn</span> <span class='ocrx_word' id='word_1_228' title='bbox 383 2857 541 2962; x_wconf 74' lang='lat' dir='ltr'>maiieribur</span> <span class='ocrx_word' id='word_1_229' title='bbox 559 2921 774 2976; x_wconf 72' lang='lat' dir='ltr'>consumentes,</span> <span class='ocrx_word' id='word_1_230' title='bbox 792 2911 894 2964; x_wconf 85' lang='lat' dir='ltr'>liberos</span> <span class='ocrx_word' id='word_1_231' title='bbox 915 2927 948 2961; x_wconf 86' lang='lat' dir='ltr'>ex</span> <span class='ocrx_word' id='word_1_232' title='bbox 967 2910 1000 2960; x_wconf 89' lang='lat' dir='ltr'>iis</span> <span class='ocrx_word' id='word_1_233' title='bbox 1020 2917 1190 2961; x_wconf 87' lang='lat' dir='ltr'>contumaces</span> 
     </span>
     <span class='ocr_line' id='line_1_27' title="bbox 107 2979 1191 3054; baseline 0 -26"><span class='ocrx_word' id='word_1_234' title='bbox 107 2986 137 3029; x_wconf 85' lang='lat' dir='ltr'>et</span> <span class='ocrx_word' id='word_1_235' title='bbox 153 2980 241 3030; x_wconf 87' lang='lat' dir='ltr'>omnia</span> <span class='ocrx_word' id='word_1_236' title='bbox 260 2979 368 3032; x_wconf 87' lang='lat' dir='ltr'>bonesti</span> <span class='ocrx_word' id='word_1_237' title='bbox 389 2989 587 3052; x_wconf 77' lang='lat' dir='ltr'>contemptores</span> <span class='ocrx_word' id='word_1_238' title='bbox 610 2991 722 3052; x_wconf 89' lang='lat' dir='ltr'>propter</span> <span class='ocrx_word' id='word_1_239' title='bbox 739 2983 879 3054; x_wconf 87' lang='lat' dir='ltr'>potentiae</span> <span class='ocrx_word' id='word_1_240' title='bbox 897 2981 1023 3032; x_wconf 84' lang='lat' dir='ltr'>fiduciam</span> <span class='ocrx_word' id='word_1_241' title='bbox 1041 2994 1191 3049; x_wconf 85' lang='lat' dir='ltr'>progenue-</span> 
     </span>
     <span class='ocr_line' id='line_1_28' title="bbox 107 3049 1192 3120; baseline 0.001 -21"><span class='ocrx_word' id='word_1_242' title='bbox 107 3063 146 3099; x_wconf 84' lang='lat' dir='ltr'>re.</span> <span class='ocrx_word' id='word_1_243' title='bbox 163 3057 331 3120; x_wconf 86' lang='lat' dir='ltr'>quapropter</span> <span class='ocrx_word' id='word_1_244' title='bbox 348 3052 434 3102; x_wconf 77' lang='lat' dir='ltr'>virum</span> <span class='ocrx_word' id='word_1_245' title='bbox 454 3061 494 3104; x_wconf 90' lang='lat' dir='ltr'>est</span> <span class='ocrx_word' id='word_1_246' title='bbox 515 3052 567 3103; x_wconf 91' lang='lat' dir='ltr'>deo</span> <span class='ocrx_word' id='word_1_247' title='bbox 579 3069 640 3104; x_wconf 87' lang='lat' dir='ltr'>cum</span> <span class='ocrx_word' id='word_1_248' title='bbox 661 3055 694 3106; x_wconf 84' lang='lat' dir='ltr'>iia</span> <span class='ocrx_word' id='word_1_249' title='bbox 712 3056 862 3105; x_wconf 83' lang='lat' dir='ltr'>universam</span> <span class='ocrx_word' id='word_1_250' title='bbox 881 3053 1019 3102; x_wconf 84' lang='lat' dir='ltr'>nationem</span> <span class='ocrx_word' id='word_1_251' title='bbox 1036 3049 1192 3101; x_wconf 82' lang='lat' dir='ltr'>mortalium</span> 
     </span>
     <span class='ocr_line' id='line_1_29' title="bbox 108 3119 1191 3192; baseline 0.001 -23"><span class='ocrx_word' id='word_1_252' title='bbox 108 3119 283 3183; x_wconf 75' lang='lat' dir='ltr'>exscindere,</span> <span class='ocrx_word' id='word_1_253' title='bbox 310 3135 447 3190; x_wconf 83' lang='lat' dir='ltr'>genusque</span> <span class='ocrx_word' id='word_1_254' title='bbox 474 3139 572 3191; x_wconf 89' lang='lat' dir='ltr'>purum</span> <span class='ocrx_word' id='word_1_255' title='bbox 602 3124 636 3174; x_wconf 89' lang='lat' dir='ltr'>ab</span> <span class='ocrx_word' id='word_1_256' title='bbox 655 3125 729 3176; x_wconf 90' lang='lat' dir='ltr'>omni</span> <span class='ocrx_word' id='word_1_257' title='bbox 750 3124 851 3192; x_wconf 82' lang='lat' dir='ltr'>flagitio</span> <span class='ocrx_word' id='word_1_258' title='bbox 876 3121 978 3184; x_wconf 83' lang='lat' dir='ltr'>facere,</span> <span class='ocrx_word' id='word_1_259' title='bbox 998 3121 1105 3172; x_wconf 79' lang='lat' dir='ltr'>resectio</span> <span class='ocrx_word' id='word_1_260' title='bbox 1125 3119 1191 3188; x_wconf 86' lang='lat' dir='ltr'>ipsis</span> 
     </span>
     <span class='ocr_line' id='line_1_30' title="bbox 109 3189 1192 3263; baseline -0.001 -23"><span class='ocrx_word' id='word_1_261' title='bbox 109 3189 194 3241; x_wconf 85' lang='lat' dir='ltr'>etiam</span> <span class='ocrx_word' id='word_1_262' title='bbox 212 3191 290 3241; x_wconf 84' lang='lat' dir='ltr'>annia</span> <span class='ocrx_word' id='word_1_263' title='bbox 302 3192 374 3240; x_wconf 82' lang='lat' dir='ltr'>vitae</span> <span class='ocrx_word' id='word_1_264' title='bbox 392 3192 537 3260; x_wconf 73' lang='lat' dir='ltr'>longaevae</span> <span class='ocrx_word' id='word_1_265' title='bbox 555 3209 635 3263; x_wconf 89' lang='lat' dir='ltr'>quam</span> <span class='ocrx_word' id='word_1_266' title='bbox 647 3196 721 3263; x_wconf 89' lang='lat' dir='ltr'>prius</span> <span class='ocrx_word' id='word_1_267' title='bbox 740 3194 883 3262; x_wconf 80' lang='lat' dir='ltr'>degebant.</span> <span class='ocrx_word' id='word_1_268' title='bbox 897 3192 1072 3244; x_wconf 78' lang='lat' dir='ltr'>consimiliter</span> <span class='ocrx_word' id='word_1_269' title='bbox 1089 3199 1117 3243; x_wconf 90' lang='lat' dir='ltr'>et</span> <span class='ocrx_word' id='word_1_270' title='bbox 1135 3191 1192 3240; x_wconf 82' lang='lat' dir='ltr'>exi-</span> 
     </span>
     <span class='ocr_line' id='line_1_31' title="bbox 107 3259 1192 3330; baseline 0 -21"><span class='ocrx_word' id='word_1_271' title='bbox 107 3260 177 3311; x_wconf 80' lang='lat' dir='ltr'>mius</span> <span class='ocrx_word' id='word_1_272' title='bbox 195 3260 245 3311; x_wconf 89' lang='lat' dir='ltr'>ille</span> <span class='ocrx_word' id='word_1_273' title='bbox 265 3259 381 3327; x_wconf 77' lang='lat' dir='ltr'>Cyrillut</span> <span class='ocrx_word' id='word_1_274' title='bbox 402 3264 516 3315; x_wconf 75' lang='lat' dir='ltr'>disserit„</span> <span class='ocrx_word' id='word_1_275' title='bbox 541 3263 592 3315; x_wconf 87' lang='lat' dir='ltr'>fllii</span> <span class='ocrx_word' id='word_1_276' title='bbox 617 3264 676 3328; x_wconf 87' lang='lat' dir='ltr'>dei,</span> <span class='ocrx_word' id='word_1_277' title='bbox 700 3265 755 3328; x_wconf 85' lang='lat' dir='ltr'>ait,</span> <span class='ocrx_word' id='word_1_278' title='bbox 776 3263 827 3314; x_wconf 88' lang='lat' dir='ltr'>boc</span> <span class='ocrx_word' id='word_1_279' title='bbox 850 3271 892 3315; x_wconf 86' lang='lat' dir='ltr'>eat</span> <span class='ocrx_word' id='word_1_280' title='bbox 914 3278 930 3314; x_wconf 87' lang='lat' dir='ltr'>a</span> <span class='ocrx_word' id='word_1_281' title='bbox 950 3261 1033 3314; x_wconf 86' lang='lat' dir='ltr'>Setho</span> <span class='ocrx_word' id='word_1_282' title='bbox 1054 3260 1192 3330; x_wconf 79' lang='lat' dir='ltr'>prognati,</span> 
     </span>
     <span class='ocr_line' id='line_1_32' title="bbox 108 3321 1192 3450; baseline 0 -70"><span class='ocrx_word' id='word_1_283' title='bbox 108 3328 184 3450; x_wconf 47' lang='lat' dir='ltr'>{nam</span> <span class='ocrx_word' id='word_1_284' title='bbox 203 3331 283 3381; x_wconf 89' lang='lat' dir='ltr'>illum</span> <span class='ocrx_word' id='word_1_285' title='bbox 305 3332 413 3383; x_wconf 80' lang='lat' dir='ltr'>virtutis</span> <span class='ocrx_word' id='word_1_286' title='bbox 443 3350 522 3385; x_wconf 87' lang='lat' dir='ltr'>causa</span> <span class='ocrx_word' id='word_1_287' title='bbox 543 3334 585 3385; x_wconf 87' lang='lat' dir='ltr'>ani</span> <span class='ocrx_word' id='word_1_288' title='bbox 610 3332 691 3385; x_wconf 88' lang='lat' dir='ltr'>deum</span> <span class='ocrx_word' id='word_1_289' title='bbox 711 3335 894 3404; x_wconf 82' lang='lat' dir='ltr'>appellavere)</span> <span class='ocrx_word' id='word_1_290' title='bbox 920 3333 1103 3386; x_wconf 79' lang='lat' dir='ltr'>animadverso</span> <span class='ocrx_word' id='word_1_291' title='bbox 1122 3321 1192 3380; x_wconf 81' lang='lat' dir='ltr'>tiliae</span> 
     </span>
    </p>

    <p class='ocr_par' dir='ltr' id='par_1_5' title="bbox 104 3399 1194 4252">
     <span class='ocr_line' id='line_1_33' title="bbox 129 3399 1193 3473; baseline 0 -24"><span class='ocrx_word' id='word_1_292' title='bbox 129 3401 264 3464; x_wconf 84' lang='lat' dir='ltr'>ominum,</span> <span class='ocrx_word' id='word_1_293' title='bbox 284 3399 314 3452; x_wconf 82' lang='lat' dir='ltr'>id</span> <span class='ocrx_word' id='word_1_294' title='bbox 334 3410 376 3453; x_wconf 85' lang='lat' dir='ltr'>est</span> <span class='ocrx_word' id='word_1_295' title='bbox 395 3411 466 3454; x_wconf 86' lang='lat' dir='ltr'>ortas</span> <span class='ocrx_word' id='word_1_296' title='bbox 484 3421 517 3455; x_wconf 79' lang='lat' dir='ltr'>ex</span> <span class='ocrx_word' id='word_1_297' title='bbox 534 3405 692 3473; x_wconf 77' lang='lat' dir='ltr'>posteritate</span> <span class='ocrx_word' id='word_1_298' title='bbox 706 3405 791 3468; x_wconf 87' lang='lat' dir='ltr'>Caini,</span> <span class='ocrx_word' id='word_1_299' title='bbox 810 3405 1029 3456; x_wconf 78' lang='lat' dir='ltr'>sormavenustas</span> <span class='ocrx_word' id='word_1_300' title='bbox 1049 3415 1116 3463; x_wconf 85' lang='lat' dir='ltr'>esse,</span> <span class='ocrx_word' id='word_1_301' title='bbox 1134 3416 1193 3450; x_wconf 84' lang='lat' dir='ltr'>ma-</span> 
     </span>
     <span class='ocr_line' id='line_1_34' title="bbox 107 3469 1192 3544; baseline 0.003 -25"><span class='ocrx_word' id='word_1_302' title='bbox 107 3469 239 3520; x_wconf 87' lang='lat' dir='ltr'>trimonio</span> <span class='ocrx_word' id='word_1_303' title='bbox 266 3469 320 3521; x_wconf 88' lang='lat' dir='ltr'>sibi</span> <span class='ocrx_word' id='word_1_304' title='bbox 349 3473 573 3537; x_wconf 78' lang='lat' dir='ltr'>coniunxerunt,</span> <span class='ocrx_word' id='word_1_305' title='bbox 601 3475 714 3544; x_wconf 82' lang='lat' dir='ltr'>natique</span> <span class='ocrx_word' id='word_1_306' title='bbox 733 3483 796 3527; x_wconf 84' lang='lat' dir='ltr'>sunt</span> <span class='ocrx_word' id='word_1_307' title='bbox 820 3491 853 3526; x_wconf 80' lang='lat' dir='ltr'>ex</span> <span class='ocrx_word' id='word_1_308' title='bbox 873 3476 912 3526; x_wconf 88' lang='lat' dir='ltr'>eia</span> <span class='ocrx_word' id='word_1_309' title='bbox 930 3476 1049 3543; x_wconf 83' lang='lat' dir='ltr'>gigantes</span> <span class='ocrx_word' id='word_1_310' title='bbox 1069 3470 1192 3524; x_wconf 84' lang='lat' dir='ltr'>homines</span> 
     </span>
     <span class='ocr_line' id='line_1_35' title="bbox 107 3540 1193 3615; baseline 0.004 -26"><span class='ocrx_word' id='word_1_311' title='bbox 107 3540 239 3592; x_wconf 86' lang='lat' dir='ltr'>informes</span> <span class='ocrx_word' id='word_1_312' title='bbox 267 3555 415 3611; x_wconf 85' lang='lat' dir='ltr'>omnesque</span> <span class='ocrx_word' id='word_1_313' title='bbox 439 3546 596 3615; x_wconf 85' lang='lat' dir='ltr'>pravitatem</span> <span class='ocrx_word' id='word_1_314' title='bbox 620 3545 783 3608; x_wconf 83' lang='lat' dir='ltr'>relerentes,</span> <span class='ocrx_word' id='word_1_315' title='bbox 808 3545 921 3596; x_wconf 79' lang='lat' dir='ltr'>intente</span> <span class='ocrx_word' id='word_1_316' title='bbox 942 3554 1047 3612; x_wconf 84' lang='lat' dir='ltr'>turpem</span> <span class='ocrx_word' id='word_1_317' title='bbox 1065 3545 1104 3594; x_wconf 88' lang='lat' dir='ltr'>eis</span> <span class='ocrx_word' id='word_1_318' title='bbox 1123 3540 1193 3593; x_wconf 86' lang='lat' dir='ltr'>hano</span> 
     </span>
     <span class='ocr_line' id='line_1_36' title="bbox 108 3609 1193 3684; baseline 0.001 -22"><span class='ocrx_word' id='word_1_319' title='bbox 108 3611 227 3679; x_wconf 82' lang='lat' dir='ltr'>epecietn</span> <span class='ocrx_word' id='word_1_320' title='bbox 246 3609 298 3662; x_wconf 84' lang='lat' dir='ltr'>deo</span> <span class='ocrx_word' id='word_1_321' title='bbox 317 3622 428 3681; x_wconf 85' lang='lat' dir='ltr'>propter</span> <span class='ocrx_word' id='word_1_322' title='bbox 445 3615 588 3666; x_wconf 82' lang='lat' dir='ltr'>nefandam</span> <span class='ocrx_word' id='word_1_323' title='bbox 601 3624 629 3667; x_wconf 90' lang='lat' dir='ltr'>et</span> <span class='ocrx_word' id='word_1_324' title='bbox 640 3616 831 3667; x_wconf 82' lang='lat' dir='ltr'>exsecrabilem</span> <span class='ocrx_word' id='word_1_325' title='bbox 845 3617 948 3684; x_wconf 83' lang='lat' dir='ltr'>generis</span> <span class='ocrx_word' id='word_1_326' title='bbox 960 3615 1102 3682; x_wconf 81' lang='lat' dir='ltr'>utriusque</span> <span class='ocrx_word' id='word_1_327' title='bbox 1120 3629 1193 3663; x_wconf 85' lang='lat' dir='ltr'>com-</span> 
     </span>
     <span class='ocr_line' id='line_1_37' title="bbox 106 3681 1193 3752; baseline 0.004 -22"><span class='ocrx_word' id='word_1_328' title='bbox 106 3681 272 3731; x_wconf 87' lang='lat' dir='ltr'>mistionem.</span> <span class='ocrx_word' id='word_1_329' title='bbox 292 3681 400 3734; x_wconf 86' lang='lat' dir='ltr'>eaadem</span> <span class='ocrx_word' id='word_1_330' title='bbox 417 3683 453 3735; x_wconf 91' lang='lat' dir='ltr'>ob</span> <span class='ocrx_word' id='word_1_331' title='bbox 472 3703 564 3737; x_wconf 81' lang='lat' dir='ltr'>caueae</span> <span class='ocrx_word' id='word_1_332' title='bbox 584 3685 686 3738; x_wconf 80' lang='lat' dir='ltr'>diluvio</span> <span class='ocrx_word' id='word_1_333' title='bbox 707 3695 770 3738; x_wconf 86' lang='lat' dir='ltr'>sunt</span> <span class='ocrx_word' id='word_1_334' title='bbox 788 3687 922 3739; x_wconf 79' lang='lat' dir='ltr'>exstincti.</span> <span class='ocrx_word' id='word_1_335' title='bbox 943 3683 1103 3752; x_wconf 84' lang='lat' dir='ltr'>significarit</span> <span class='ocrx_word' id='word_1_336' title='bbox 1120 3681 1193 3734; x_wconf 89' lang='lat' dir='ltr'>idem</span> 
     </span>
     <span class='ocr_line' id='line_1_38' title="bbox 106 3753 1193 3826; baseline 0.003 -25"><span class='ocrx_word' id='word_1_337' title='bbox 106 3767 221 3819; x_wconf 74' lang='lat' dir='ltr'>magnus</span> <span class='ocrx_word' id='word_1_338' title='bbox 249 3753 331 3803; x_wconf 86' lang='lat' dir='ltr'>etiam</span> <span class='ocrx_word' id='word_1_339' title='bbox 360 3755 467 3817; x_wconf 86' lang='lat' dir='ltr'>Petrus,</span> <span class='ocrx_word' id='word_1_340' title='bbox 493 3757 523 3807; x_wconf 89' lang='lat' dir='ltr'>in</span> <span class='ocrx_word' id='word_1_341' title='bbox 552 3757 727 3826; x_wconf 85' lang='lat' dir='ltr'>epistolarum</span> <span class='ocrx_word' id='word_1_342' title='bbox 754 3773 862 3810; x_wconf 83' lang='lat' dir='ltr'>suarum</span> <span class='ocrx_word' id='word_1_343' title='bbox 889 3755 1081 3808; x_wconf 85' lang='lat' dir='ltr'>catholicarum</span> <span class='ocrx_word' id='word_1_344' title='bbox 1108 3753 1193 3805; x_wconf 85' lang='lat' dir='ltr'>altera</span> 
     </span>
     <span class='ocr_line' id='line_1_39' title="bbox 106 3821 1193 3898; baseline 0.004 -27"><span class='ocrx_word' id='word_1_345' title='bbox 106 3821 136 3891; x_wconf 75' lang='lat' dir='ltr'>(a</span> <span class='ocrx_word' id='word_1_346' title='bbox 158 3826 187 3888; x_wconf 82' lang='lat'>5)</span> <span class='ocrx_word' id='word_1_347' title='bbox 211 3821 301 3874; x_wconf 85' lang='lat' dir='ltr'>verbis</span> <span class='ocrx_word' id='word_1_348' title='bbox 328 3823 402 3876; x_wconf 84' lang='lat' dir='ltr'>birce</span> <span class='ocrx_word' id='word_1_349' title='bbox 429 3824 563 3879; x_wconf 79' lang='lat' dir='ltr'>disserens</span> <span class='ocrx_word' id='word_1_350' title='bbox 592 3829 753 3898; x_wconf 87' lang='lat' dir='ltr'>„impiorum</span> <span class='ocrx_word' id='word_1_351' title='bbox 790 3828 882 3896; x_wconf 80' lang='lat' dir='ltr'>generi</span> <span class='ocrx_word' id='word_1_352' title='bbox 911 3825 1043 3877; x_wconf 79' lang='lat' dir='ltr'>diluvium</span> <span class='ocrx_word' id='word_1_353' title='bbox 1066 3825 1193 3877; x_wconf 77' lang='lat' dir='ltr'>inverit.”</span> 
     </span>
     <span class='ocr_line' id='line_1_40' title="bbox 106 3891 1194 3966; baseline 0.003 -24"><span class='ocrx_word' id='word_1_354' title='bbox 106 3907 157 3942; x_wconf 85' lang='lat' dir='ltr'>cur</span> <span class='ocrx_word' id='word_1_355' title='bbox 176 3891 239 3944; x_wconf 87' lang='lat' dir='ltr'>beic</span> <span class='ocrx_word' id='word_1_356' title='bbox 255 3901 337 3946; x_wconf 76' lang='lat' dir='ltr'>vocnt</span> <span class='ocrx_word' id='word_1_357' title='bbox 352 3894 460 3963; x_wconf 87' lang='lat' dir='ltr'>impioa,</span> <span class='ocrx_word' id='word_1_358' title='bbox 478 3898 526 3966; x_wconf 86' lang='lat' dir='ltr'>qni</span> <span class='ocrx_word' id='word_1_359' title='bbox 544 3915 628 3950; x_wconf 88' lang='lat' dir='ltr'>unum</span> <span class='ocrx_word' id='word_1_360' title='bbox 649 3899 730 3950; x_wconf 86' lang='lat' dir='ltr'>deum</span> <span class='ocrx_word' id='word_1_361' title='bbox 751 3899 876 3966; x_wconf 83' lang='lat' dir='ltr'>religiose</span> <span class='ocrx_word' id='word_1_362' title='bbox 894 3895 1008 3948; x_wconf 87' lang='lat' dir='ltr'>colendo</span> <span class='ocrx_word' id='word_1_363' title='bbox 1026 3895 1194 3947; x_wconf 85' lang='lat' dir='ltr'>veneraban-</span> 
     </span>
     <span class='ocr_line' id='line_1_41' title="bbox 104 3961 1193 4036; baseline 0.001 -22"><span class='ocrx_word' id='word_1_364' title='bbox 104 3961 171 4014; x_wconf 85' lang='lat' dir='ltr'>tur?</span> <span class='ocrx_word' id='word_1_365' title='bbox 208 3964 274 4034; x_wconf 87' lang='lat' dir='ltr'>qoia</span> <span class='ocrx_word' id='word_1_366' title='bbox 295 3972 436 4034; x_wconf 84' lang='lat' dir='ltr'>tantopere</span> <span class='ocrx_word' id='word_1_367' title='bbox 455 3967 484 4017; x_wconf 90' lang='lat' dir='ltr'>in</span> <span class='ocrx_word' id='word_1_368' title='bbox 501 3966 646 4021; x_wconf 88' lang='lat' dir='ltr'>libidinem</span> <span class='ocrx_word' id='word_1_369' title='bbox 665 3977 821 4021; x_wconf 78' lang='lat' dir='ltr'>exarserunt</span> <span class='ocrx_word' id='word_1_370' title='bbox 833 3977 865 4020; x_wconf 85' lang='lat' dir='ltr'>ut</span> <span class='ocrx_word' id='word_1_371' title='bbox 880 3968 976 4036; x_wconf 86' lang='lat' dir='ltr'>viginti</span> <span class='ocrx_word' id='word_1_372' title='bbox 991 3967 1043 4019; x_wconf 83' lang='lat' dir='ltr'>viri</span> <span class='ocrx_word' id='word_1_373' title='bbox 1061 3983 1114 4017; x_wconf 88' lang='lat' dir='ltr'>una</span> <span class='ocrx_word' id='word_1_374' title='bbox 1132 3981 1193 4016; x_wconf 86' lang='lat' dir='ltr'>cum</span> 
     </span>
     <span class='ocr_line' id='line_1_42' title="bbox 105 4032 1194 4110; baseline 0.002 -26"><span class='ocrx_word' id='word_1_375' title='bbox 105 4032 210 4085; x_wconf 73' lang='lat' dir='ltr'>semine</span> <span class='ocrx_word' id='word_1_376' title='bbox 239 4043 453 4088; x_wconf 84' lang='lat' dir='ltr'>conmeecerent</span> <span class='ocrx_word' id='word_1_377' title='bbox 483 4037 535 4090; x_wconf 89' lang='lat' dir='ltr'>bon</span> <span class='ocrx_word' id='word_1_378' title='bbox 554 4040 626 4090; x_wconf 87' lang='lat' dir='ltr'>euim</span> <span class='ocrx_word' id='word_1_379' title='bbox 650 4047 733 4110; x_wconf 86' lang='lat' dir='ltr'>pacto</span> <span class='ocrx_word' id='word_1_380' title='bbox 751 4039 796 4091; x_wconf 88' lang='lat' dir='ltr'>dei</span> <span class='ocrx_word' id='word_1_381' title='bbox 819 4053 931 4109; x_wconf 81' lang='lat' dir='ltr'>quoque</span> <span class='ocrx_word' id='word_1_382' title='bbox 951 4039 1018 4100; x_wconf 87' lang='lat' dir='ltr'>filii,</span> <span class='ocrx_word' id='word_1_383' title='bbox 1035 4038 1160 4089; x_wconf 87' lang='lat' dir='ltr'>nimirum</span> <span class='ocrx_word' id='word_1_384' title='bbox 1178 4053 1194 4086; x_wconf 92' lang='lat' dir='ltr'>a</span> 
     </span>
     <span class='ocr_line' id='line_1_43' title="bbox 106 4101 1194 4178; baseline 0.001 -24"><span class='ocrx_word' id='word_1_385' title='bbox 106 4101 193 4155; x_wconf 77' lang='lat' dir='ltr'>Serto</span> <span class='ocrx_word' id='word_1_386' title='bbox 212 4106 347 4175; x_wconf 88' lang='lat' dir='ltr'>prognati,</span> <span class='ocrx_word' id='word_1_387' title='bbox 368 4107 403 4158; x_wconf 86' lang='lat' dir='ltr'>ad</span> <span class='ocrx_word' id='word_1_388' title='bbox 421 4108 581 4160; x_wconf 74' lang='lat' dir='ltr'>concubitus</span> <span class='ocrx_word' id='word_1_389' title='bbox 599 4125 679 4177; x_wconf 80' lang='lat' dir='ltr'>vagos</span> <span class='ocrx_word' id='word_1_390' title='bbox 693 4109 799 4162; x_wconf 84' lang='lat' dir='ltr'>invitati</span> <span class='ocrx_word' id='word_1_391' title='bbox 819 4116 897 4174; x_wconf 78' lang='lat' dir='ltr'>sunt3</span> <span class='ocrx_word' id='word_1_392' title='bbox 913 4110 961 4178; x_wconf 89' lang='lat' dir='ltr'>qui</span> <span class='ocrx_word' id='word_1_393' title='bbox 999 4107 1090 4160; x_wconf 88' lang='lat' dir='ltr'>uidem</span> <span class='ocrx_word' id='word_1_394' title='bbox 1109 4106 1194 4158; x_wconf 84' lang='lat' dir='ltr'>virtu-</span> 
     </span>
     <span class='ocr_line' id='line_1_44' title="bbox 106 4125 1194 4252; baseline 0.001 -27"><span class='ocrx_word' id='word_1_395' title='bbox 106 4173 145 4227; x_wconf 86' lang='lat' dir='ltr'>tis</span> <span class='ocrx_word' id='word_1_396' title='bbox 175 4174 259 4231; x_wconf 77' lang='lat' dir='ltr'>etiam</span> <span class='ocrx_word' id='word_1_397' title='bbox 280 4177 392 4231; x_wconf 85' lang='lat' dir='ltr'>nomine</span> <span class='ocrx_word' id='word_1_398' title='bbox 418 4177 463 4231; x_wconf 91' lang='lat' dir='ltr'>dei</span> <span class='ocrx_word' id='word_1_399' title='bbox 481 4189 544 4235; x_wconf 83' lang='lat' dir='ltr'>aunt</span> <span class='ocrx_word' id='word_1_400' title='bbox 574 4180 707 4252; x_wconf 85' lang='lat' dir='ltr'>appellati</span> <span class='ocrx_word' id='word_1_401' title='bbox 732 4181 800 4244; x_wconf 80' lang='lat' dir='ltr'>olii,</span> <span class='ocrx_word' id='word_1_402' title='bbox 825 4125 1050 4252; x_wconf 52' lang='lat' dir='ltr'>quamadmodum</span> <span class='ocrx_word' id='word_1_403' title='bbox 1076 4174 1194 4230; x_wconf 83' lang='lat' dir='ltr'>israelus</span> 
     </span>
    </p>
   </div>
   <div class='ocr_carea' id='block_1_5' title="bbox 0 0 1383 4617">
    <p class='ocr_par' dir='ltr' id='par_1_6' title="bbox 0 0 1383 4617">
     <span class='ocr_line' id='line_1_45' title="bbox 0 0 1383 4617; baseline 0 0"><span class='ocrx_word' id='word_1_404' title='bbox 0 0 1383 4617; x_wconf 95' lang='lat' dir='ltr'> </span> 
     </span>
    </p>
   </div>
  </div>
 </body>
</html>
