2742 4617
177 319 255 403 ¹90
492 314 722 412 Ιιιιοιιιειιε
752 313 916 381 osteis

166 511 225 566 πος
245 491 300 552 α’τι·
322 488 438 571 α’ρχῆς,
459 478 503 562 ιδς
522 509 605 562 τινες
620 485 825 574 ὑπειλήφασι,
846 485 901 551 καί
912 487 1027 552 πεινῶν
1046 481 1086 551 δν
1108 486 1142 566 ἐξ
1163 485 1261 572 α’νοὶγ-

166 611 222 672 κης
243 581 283 671 ἦν
302 588 360 651 καί
381 585 481 670 ῥιγῶν
499 588 555 651 καί
575 585 781 668 κοιμώμενος.
802 587 833 652 εί
852 587 887 650 δὲ
907 589 1045 664 τοιοῦτος
1067 587 1183 664 ἐκεῖνος
1205 577 1259 670 ἦν,

166 682 299 772 εὔδηλον
331 682 454 761 πάντας
481 681 533 749 δτι
560 683 677 770 θνητὸς
707 677 747 770 ἤν
780 685 836 752 o’n'
869 686 973 771 ἀρχῆς
1003 684 1059 751 καί
1090 683 1258 772 φθαρτός·

165 780 323 851 οἷδδνατον
344 784 405 869 γὰρ
427 779 596 870 ἄφθαρτον
614 787 798 869 διαμένειν,
818 779 862 862 οἷς
882 781 899 847 δ
920 782 1133 871 Δαμασκηνός
1154 782 1261 852 'lodv-

165 910 220 970 νης
240 883 339 973 φησί,
360 882 415 949 sor
435 888 591 968 αἰσθητῆς
610 887 761 968 βριδοεαις
778 885 812 950 δν
826 889 976 974 μετουσίᾳ
996 882 1169 968 γενόμενον.
1188 885 1289 953 a'tt’5

166 979 249 1072 ἄφες
266 983 399 1060 αὐτούς·
440 981 460 1068 ἦ
480 983 541 1068 γδρ
562 984 822 1070 α’ναγεγραμμίνη
835 982 910 1068 ἆγία
932 987 1064 1060 ου’νοδος
1083 978 1165 1050 οὕτω
1184 987 1263 1072 περί

166 1089 224 1150 τοῦ
245 1081 374 1168 πρώτου
408 1082 578 1166 ἀνθρώπου
603 1093 733 1170 φρονεῖν
754 1087 897 1167 ου’δαμοῦ
917 1092 1087 1168 συγχωρεῖ.
1130 1084 1261 1162 διέξεισι

166 1183 229 1268 γοὶρ
260 1179 346 1248 οδτοο
373 1183 451 1248 κατοὶ
481 1186 564 1260 λέξιν
595 1181 651 1263 ,εἴ
665 1208 713 1260 τις
730 1187 813 1268 λέγει
842 1183 897 1250 τδν
915 1181 1020 1265 Ἀδδμ
1040 1181 1157 1267 θνητὸν
1178 1190 1261 1247 πλα-

167 1288 285 1368 σθῆναι
313 1280 400 1368 παρδ
433 1284 513 1346 θεοῦ
541 1282 597 1346 καί
622 1280 668 1367 μὴ
698 1282 780 1364 μετὰ
801 1281 858 1369 τῆν
886 1279 1047 1370 δμαρτιάν
1077 1286 1183 1348 ε’λθεῖν
1214 1283 1261 1358 είς

169 1384 317 1470 φθοράν,
341 1375 406 1466 ἦτοι
428 1378 603 1462 α’νοὶθεμα.”
644 1385 700 1446 καί
718 1381 793 1465 περί
810 1386 870 1464 μὲν
890 1381 1011 1448 τούτων
1032 1379 1141 1460 οὕτως.
1225 1396 1228 1400 ’
1273 1407 1310 1450 ιο

72 1483 161 1538 P·¹⁰⁰
254 1479 431 1546 Φοτεδεται
465 1481 501 1544 δὲ
534 1477 619 1562 ὅμως
649 1485 684 1547 ἐν
705 1485 888 1572 παραδείσῳ
907 1482 964 1549 καί
981 1485 1122 1548 τοιοῦτον
1140 1477 1259 1569 φυτόν,

168 1574 224 1667 εἶφ’
244 1571 284 1644 οδ
304 1577 479 1644 κεκώλυται
497 1576 542 1664 μή
565 1589 680 1665 φαγεῖν
700 1579 717 1645 δ
741 1577 852 1663 Ἀδάμ.
901 1585 983 1660 τίνος
1006 1581 1125 1664 ἓνεκενς
1147 1580 1190 1658 eie
1210 1583 1262 1648 ἐν·

166 1683 281 1744 τεῦθεν
300 1679 514 1762 ἐπιγινώσκειν
533 1678 590 1745 τδν
610 1677 771 1745 τοσούτων
792 1675 922 1764 ἀγαθοῖν
946 1685 1089 1767 παρογὲα
1100 1733 1110 1765 ,
1142 1685 1198 1746 καί
1218 1677 1263 1760 dr

166 1775 231 1843 δπδ
252 1778 405 1863 δεσπότην
433 1776 531 1854 αι’τός
554 1783 638 1861 ἐστι,
665 1776 751 1844 καθοί
773 1805 871 1867 φησιν
899 1779 914 1846 ὁ
944 1780 1001 1866 τὴν
1020 1784 1160 1865 γλῶτταν
1178 1805 1262 1866 χρο-

167 1881 264 1960 σσῦς,
294 1877 351 1942 καί
376 1876 422 1962 μὴ
442 1878 585 1943 τοιοῦτον
605 1882 720 1945 παθεῖν
748 1881 781 1958 ἐξ
803 1875 952 1958 ἀπονοίας
972 1879 1078 1947 ὁποῖον
1098 1879 1220 1946 ἔπαθεν
1241 1878 1310 1946 διδ

168 1975 275 2042 τιέσιδν
290 1972 486 2062 Ἑοοσφόρος,
510 1977 568 2062 τὴν
589 1980 739 2044 δοθεῖσαν
763 1981 852 2070 stirpi
870 1981 1075 2066 λαμπρότητα
1095 1979 1140 2066 μή
1164 1983 1261 2066 δονη-

169 2075 240 2153 θείς
267 2079 412 2160 ἐνεγκεῖν.
455 2074 537 2141 α’λλοὶ
566 2076 628 2162 γὰρ
661 2083 730 2143 τίνα
761 2078 802 2144 τοὶ
826 2079 902 2162 μετοὶ
926 2085 1049 2160 ταῦτα,
1069 2081 1262 2164 παραβαίνει

169 2175 229 2259 τὴν
248 2174 384 2259 ἐντολήν,
405 2171 538 2241 ἅπτεται
557 2182 617 2240 τοῦ
639 2179 751 2262 φυτοῦ,
773 2184 945 2261 γυμνοῦται
966 2183 1153 2276 τηνικαῦτα,
1176 2181 1260 2265 φθο-

170 2278 213 2361 ρᾷ
243 2279 441 2358 περιπίπτει,
473 2279 533 2340 τοῦ
562 2279 757 2359 παραδείσου
791 2279 992 2363 ἐκβάλλεται,
1023 2275 1170 2363 γινολσκει
1199 2274 1260 2361 τήν

169 2367 269 2454 Εὔαν,
288 2376 381 2461 γεννρῖ
400 2384 485 2460 τρεῖς
506 2371 603 2456 υλοιίς,
625 2374 682 2443 τδν
702 2377 789 2442 Kaio
804 2376 859 2443 τὸν
874 2379 968 2463 'Adii
990 2383 1046 2445 ιιαί
1064 2377 1116 2446 τὸν
1136 2376 1218 2462 Σήθ.
1268 2401 1308 2444 so

142 2472 164 2526 B
193 2485 203 2502 ⁸
257 2469 409 2558 Πρόσεχι
437 2475 490 2555 δέ,
525 2476 683 2559 οἷγαπητί,
714 2474 770 2542 καί
795 2476 840 2562 μὴ
864 2479 1065 2564 ουναρπάζοο
1087 2475 1152 2556 τοίς
1173 2473 1258 2543 οδτιο

170 2756 239 2829 quid
259 2757 366 2826 prolixe
383 2757 549 2811 indicatione
567 2775 636 2831 opus
657 2763 722 2817 est?
739 2765 762 2817 si
781 2764 862 2819 homo
878 2769 912 2821 sb
931 2770 1011 2823 initio
1022 2773 1182 2827 nutrimenti
1196 2791 1259 2844 ege.

169 2830 220 2882 bat
235 2827 269 2878 de
287 2829 458 2898 quorundam
474 2832 612 2900 opinione,
627 2834 753 2887 nimirum
768 2840 920 2892 necessario
940 2843 1062 2912 sequitur
1075 2847 1156 2896 etiam
1169 2847 1258 2916 ipsum

171 2899 316 2963 esuriisse,
343 2901 428 2968 frigus
455 2903 628 2970 pertulisse„
647 2904 797 2960 dormiisse.
816 2910 839 2960 si
857 2911 919 2962 tuiis
940 2923 1012 2976 orat,
1028 2916 1199 2968 menifestum
1218 2927 1260 2972 est

171 2972 256 3024 etium
274 2970 308 3020 ab
326 2971 407 3022 initio
434 2973 517 3024 inisse
533 2975 675 3028 mortalem
692 2985 721 3030 et
746 2979 869 3032 interitui
888 2981 1050 3036 obnoxium:
1070 2990 1169 3057 nequit
1185 2990 1260 3042 enim
1294 2983 1303 2998 ’

170 3041 246 3106 fieri,
264 3041 492 3110 quemadmodum
513 3044 649 3113 Iohannes
666 3048 848 3102 Damascenus
875 3052 930 3118 ait,
954 3053 985 3106 ut
1010 3071 1105 3124 expers
1131 3059 1259 3113 interitus

170 3120 281 3165 monent
308 3114 356 3196 qui
385 3113 446 3166 cibo
463 3117 558 3166 sensili
583 3117 690 3170 fruitur.
721 3121 815 3172 missos
840 3123 923 3190 igitur
939 3125 1001 3176 ilios
1026 3126 1127 3191 socies,
1147 3130 1258 3198 quondo

172 3184 296 3252 superius
313 3182 433 3236 indicato
449 3185 567 3252 synodus
585 3189 624 3239 its
642 3207 691 3241 nos
706 3189 740 3242 de
758 3191 869 3244 homine
887 3195 988 3246 sentire
1003 3213 1059 3248 non
1076 3199 1189 3267 patitur,
1210 3217 1260 3252 ou-

172 3253 215 3323 ius
233 3253 301 3304 haee
319 3271 444 3323 expressa
460 3256 543 3308 verbo
560 3267 625 3311 sunt
640 3261 684 3323 „si
703 3262 765 3332 quis
778 3262 847 3316 dicit
862 3263 993 3318 Adamum
1013 3283 1028 3318 a
1048 3267 1100 3320 deo
1118 3270 1258 3324 eonditum

174 3341 234 3376 esse
256 3325 411 3389 mortalem,
430 3343 461 3376 nc
478 3343 534 3379 non
551 3339 614 3396 post
631 3341 771 3399 peccatum
789 3335 947 3405 prolapsum
973 3353 1031 3389 esse
1051 3340 1081 3390 in
1099 3340 1257 3408 interitum,

173 3395 348 3448 exsecrabilis
373 3397 457 3448 esto.''
482 3414 515 3450 sc
543 3399 578 3451 de
607 3399 651 3454 his
682 3403 796 3473 quidem
829 3406 858 3458 in
891 3405 964 3460 huuo
993 3409 1105 3462 modum
1135 3411 1260 3484 disputa·

173 3473 232 3520 tum
252 3475 320 3518 esto.

245 3537 388 3590 Caeterum
415 3537 595 3591 nihilominus
617 3543 686 3596 sevit
711 3544 844 3598 eiusmodi
873 3545 996 3600 arborem
1018 3550 1086 3604 deus
1103 3555 1131 3606 in
1149 3556 1258 3626 posedi-

124 3641 134 3660 ,
173 3621 223 3669 ιο,
242 3607 277 3658 de
295 3626 348 3678 qus
364 3611 438 3668 uesci
455 3610 585 3662 Adsmum
613 3615 711 3668 vetuit.
729 3617 905 3685 quemobrem
923 3619 1015 3674 istuc?
1034 3631 1067 3676 ut
1083 3624 1149 3677 hinc
1166 3635 1258 3682 tento·

176 3693 236 3727 rum
263 3678 395 3731 bonorum
413 3680 646 3750 suppeditantem
663 3695 841 3754 agnosceret,
863 3703 947 3758 seque
976 3691 1085 3746 domino
1106 3697 1259 3753 subiectum

176 3749 259 3798 sciret
277 3749 368 3816 (lubet
385 3754 458 3802 enirn
474 3769 534 3804 cum
544 3752 732 3820 Chrysostomo
751 3758 855 3830 ioqui),
872 3776 926 3811 neu
946 3763 1012 3832 quid
1032 3767 1057 3816 ei
1076 3768 1132 3819 tels
1153 3771 1259 3824 accide-

177 3825 219 3869 ret
235 3821 385 3872 cuiusmodi
408 3822 485 3893 lapso
511 3823 637 3877 Lucifero
665 3829 810 3892 usuvenit,
840 3830 889 3899 qui
904 3847 1057 3887 concessam
1076 3838 1128 3890 sibi
1147 3842 1257 3910 gloriam

176 3903 208 3939 ac
225 3888 398 3958 splendorem
428 3895 499 3945 ferre
525 3911 581 3947 non
610 3900 709 3965 potuit
727 3906 756 3950 st
786 3900 857 3952 enim
874 3902 942 3972 quid
964 3907 1111 3960 secundum
1131 3913 1198 3964 haec
1216 3915 1257 3964 fn-

176 3958 269 4011 etum?
299 3960 457 4015 mandatum
483 3967 680 4034 transgreditur
703 3969 837 4036 Adomus,
862 3987 895 4024 ex
914 3973 1011 4028 arbore
1029 3979 1164 4051 decerpit,
1184 3985 1256 4035 illico

175 4029 268 4083 nudus
294 4030 422 4095 eflicitur,
448 4036 573 4088 interitui
602 4039 634 4090 iit
649 4039 800 4106 obnoxius,
824 4043 949 4111 paradiso
978 4049 1099 4117 eiioitur,
1124 4069 1184 4106 cum
1204 4055 1257 4107 Ero

177 4099 276 4165 cubat,
296 4110 352 4152 tres
371 4101 441 4154 filios
461 4106 559 4173 gignit,
577 4107 691 4162 Geinum
710 4111 827 4165 Abelum
843 4113 965 4168 Sethum.

246 4173 337 4246 Atque
353 4171 415 4224 heio
431 4173 498 4227 mihi
517 4177 669 4246 prudenter
685 4183 806 4238 suimum
822 4184 975 4252 advertito,
995 4189 1094 4246 diieete
1113 4195 1170 4260 iili,
1190 4213 1258 4249 neve
