2742 4617
190 223 257 348 '96
541 263 756 328 urorumrs
788 263 949 330 eurem

196 410 299 479 τοίνυν
318 407 336 477 ό
355 403 431 497 όφις
449 409 485 475 τό
507 413 643 496 πήγανον
665 413 809 478 ἐντεῦθεν
815 463 825 492 ,
845 415 929 478 καθά
952 413 1050 500 δήπου
1068 417 1123 478 καί
1141 411 1195 477 τόν
1212 435 1280 496 χει-

197 514 288 596 μῶνα
310 510 364 574 διό
380 509 436 594 τὴν
456 509 635 594 όπερβολάν
658 515 714 594 τῆς
736 511 947 596 ψυχρότητος.

284 604 378 674 Οότω
404 609 464 690 μὲν
494 604 552 674 οόν
579 609 618 675 τά
641 615 707 690 ζῶα
727 609 829 676 πάντα
854 613 996 697 φυσικάς
1017 605 1082 678 οἶδε
1103 608 1139 677 τό
1160 635 1194 675 τε
1214 635 1279 676 σω-

196 706 358 793 τήριοντό
379 731 414 772 τε
443 707 600 794 όλέθριον.
659 708 693 774 αἱ
731 713 765 774 δὲ
785 719 861 794 παρ’
886 709 995 787 αὐτοῖς
1017 711 1206 796 προγνάσεις
1225 713 1280 792 τῆς

168 811 272 889 (ὶπερί
290 804 347 872 τόν
378 807 459 892 άὲρο
481 811 655 892 μεταβολῆς
682 815 776 875 ποίαν
802 809 879 892 οόχό
906 808 1030 876 σάκεσιν
1057 805 1181 892 λογικὴν
1201 808 1309 872 ἀπο-5

197 905 410 990 κράπτουσιν;
445 901 525 969 ὅπου
553 932 588 990 γε
607 905 642 972 τό
673 913 733 990 μὲν
762 908 918 991 πρόβατον
948 913 1103 992 χειμῶνος
1123 903 1281 990 προϊόντος

196 1005 323 1089 λάβρως
352 1007 577 1088 ε’πεμβάλλεται
608 1009 647 1096 τῇ
669 1011 772 1095 τροφῇ
799 1005 906 1092 ὥσπερ
936 1005 1180 1088 ἐπισιτιζόμενον
1200 1004 1282 1090 πρός

196 1105 256 1192 τὴν
274 1110 454 1186 μέλλουσαν
486 1102 620 1170 ἔνδειαν.
663 1101 724 1191 ἤδη
747 1110 781 1170 δέ
802 1130 851 1182 τις
871 1109 935 1172 miv
955 1105 1134 1192 φιλοπόνων
1152 1110 1206 1170 καί
1225 1103 1283 1170 τόν

195 1212 348 1289 χερσαῖον
369 1206 472 1284 ἐχῖνον
486 1205 619 1288 ἐτήρησε
640 1207 752 1281 διπλᾶς
777 1203 933 1281 ἀναπνοὰς
950 1209 987 1292 τῇ
1006 1199 1122 1270 ἑαυτοῦ
1141 1199 1280 1268 καταδό-

196 1328 247 1370 σει
275 1302 554 1388 μηχανησάμενον,
580 1307 635 1368 καί
659 1307 827 1386 μέλλοντος
862 1307 975 1390 βορέου
999 1313 1086 1368 πνεῖν
1109 1297 1329 1390 άποφράσ.ιο

196 1427 292 1471 σοντα
322 1402 381 1485 τὴν
411 1401 565 1488 άρκτρὶαν,
595 1401 686 1466 νότου
715 1404 750 1466 δὲ
771 1397 864 1467 πόλιν
889 1403 1137 1486 μεταβάλλοντος
1156 1403 1201 1480 εἰς
1223 1403 1280 1486 τὴν
1308 1417 1326 1446 ⁸

195 1501 404 1589 προσάρκτιον
423 1503 662 1582 μεταβαίνοντα.

276 1597 370 1666 Ἀλλά
394 1603 450 1662 καί
468 1597 523 1681 τὴν
542 1603 603 1662 τῶν
626 1601 841 1684 αἰσθητηριων
861 1599 1044 1684 περιουσίαν
1064 1600 1203 1684 μεγάλην
1218 1624 1280 1663 πα·

198 1696 239 1784 ρά
260 1707 326 1773 τοῖς
362 1696 455 1776 ζοόοις
486 1695 549 1761 ἴδοι
569 1721 617 1773 τις
646 1691 697 1763 άν.
753 1700 784 1763 εἰ
812 1698 857 1782 μὴ
881 1699 940 1782 γάρ
963 1703 1057 1764 τοῦτο
1082 1693 1140 1784 ἦν,
1162 1699 1219 1764 oris
1240 1694 1280 1762 άν

163 1795 323 1883 Βάρνειός
341 1801 377 1862 ·ἑν
396 1801 524 1880 μυρίοις
542 1794 711 1881 προβάτοις
736 1800 799 1862 τάν
821 1800 924 1882 σιγκιόν
944 1799 1148 1881 ἐξαλλόμενος
1167 1796 1225 1884 τήν
1245 1822 1278 1864 τε
1293 1795 1330 1857 15

181 1929 186 1936 ·
194 1894 311 1986 χροιάν
340 1897 396 1960 καί
424 1892 534 1981 φωνάν
563 1895 619 1978 τάν
638 1892 825 1980 τῆςμητρός
848 1898 964 1980 ἐπέγνω
984 1897 1039 1962 καί
1059 1898 1138 1982 πρός
1160 1899 1281 1982 ἐκείνην

195 1998 347 2082 ἠπείγετο,
373 1997 543 2058 καὶταῦτα
566 1991 664 2058 πολλά
682 1993 901 2080 παραδραμών
922 1991 1044 2060 oddara
1064 1997 1278 2080 βαρυνόμενοι.

196 2096 264 2161 ἔστι
284 2098 339 2158 καί
355 2090 416 2178 γάρ
438 2095 512 2174 παρ’
536 2093 646 2169 αὐτοῖς
672 2091 821 2178 αἴσθησις
845 2096 900 2178 τῆς
920 2091 1076 2178 ἡμετέρας
1098 2095 1282 2178 καταλήψε-

197 2218 241 2271 ως
261 2193 412 2277 ὀξυτέρα,
433 2196 506 2255 καθ’
528 2189 567 2274 ἢν
586 2187 706 2279 ἑκάστῳ
731 2191 860 2277 πάρεστι
882 2196 940 2256 τοῦ
961 2195 1074 2257 οἰκείου
1097 2189 1279 2277 διάγνωσις.

196 2286 288 2358 οόπω
323 2289 353 2355 οἱ
384 2289 510 2364 ὀδόντες
537 2291 581 2376 τῷ
610 2289 760 2371 σκόλακι,
790 2290 846 2354 καί
864 2285 949 2372 ὅμως
969 2291 1022 2356 διά
1046 2293 1104 2357 τοό
1124 2292 1335 2373 στόματοςοσ

195 2388 350 2475 άμόντται
382 2387 438 2452 τόν
458 2383 651 2470 λυπήσονται.
701 2381 791 2453 oium
813 2387 851 2454 τά
874 2393 991 2474 κέρατα
1011 2394 1053 2480 τῷ
1072 2388 1203 2479 μόσχῳ,
1223 2393 1281 2458 καί
1363 2395 1364 2400 ’

269 2561 306 2614 16.
324 2551 375 2626 ris
390 2559 510 2631 μητέρος
529 2555 559 2608 Ρ.

196 2719 372 2787 tingueretur.
398 2714 448 2766 huc
475 2714 510 2765 de
530 2728 611 2764 causo
629 2727 740 2782 serpenr
758 2713 797 2764 ric
818 2721 904 2766 rutam
924 2707 991 2784 sugit
1009 2731 1039 2767 ac
1058 2716 1140 2780 vitat,
1158 2715 1229 2768 ricut
1248 2725 1277 2768 et

196 2789 329 2850 hiemem,
346 2794 458 2854 propter
474 2786 585 2836 nimium
604 2784 710 2834 scilicet
727 2785 820 2853 frigus.

266 2860 309 2910 Sic
329 2858 410 2924 igitur
426 2856 554 2907 animalia
573 2863 670 2906 cuncta
686 2855 754 2924 quid
773 2855 890 2908 ralutars
908 2857 943 2908 sit
965 2857 1046 2924 ipsiu,
1065 2855 1132 2924 quid
1151 2857 1279 2922 exitiale,

197 2932 331 2998 cognitum
350 2927 460 2978 habeut.
480 2929 532 2976 iam
547 2942 617 2995 quae
636 2933 699 2976 sunt
720 2925 791 2996 apud
811 2943 842 2976 ea
861 2943 947 2976 rorum
966 2927 1114 2978 suturarum
1133 2930 1280 2996 praesagis,

196 3000 271 3054 verbi
291 2999 389 3066 gratia,
410 2997 443 3049 de
460 2999 530 3049 airis
546 2997 712 3047 mutatione:
731 2999 823 3118 (ιρυσω
842 2997 952 3048 obsecro
973 2997 1142 3065 prudentiam
1162 3000 1281 3050 rationa-

197 3074 250 3124 lem
269 3084 377 3139 quoque
394 3085 449 3120 non
467 3067 629 3119 obscurant?
648 3067 704 3117 ovis
729 3086 742 3117 u
765 3075 891 3118 ventante
909 3066 998 3118 hieme
1013 3085 1091 3136 parce
1112 3070 1279 3120 nutrimento

196 3144 331 3202 rescitur,
351 3140 427 3208 quasi
449 3138 583 3208 quandam
602 3136 653 3188 sibi
674 3147 836 3190 commeatus
852 3137 957 3206 rupious
978 3155 1026 3206 pro
1044 3147 1169 3190 secutura
1187 3141 1280 3209 iuopia

197 3209 373 3281 comparans.)
390 3210 539 3279 quinetiam
558 3207 681 3259 hominen
699 3207 825 3260 industrii
839 3217 991 3261 terrestrem
1005 3209 1130 3260 echinum
1147 3211 1203 3262 sive
1226 3212 1281 3260 eri-

196 3300 310 3336 naceum
328 3280 518 3350 respirationes
538 3279 589 3330 sibi
610 3279 728 3346 geminas
749 3281 899 3348 excogitare
920 3279 974 3330 suis
995 3279 1132 3330 inlustris
1152 3279 1281 3332 observa-

198 3364 269 3406 runt
294 3350 369 3423 quod
396 3352 418 3404 si
441 3351 589 3419 spiraturus
618 3357 660 3400 est
683 3350 794 3418 aquilo,
838 3359 921 3402 artem
947 3367 963 3400 a
984 3350 1129 3400 uilonalem
1148 3349 1281 3402 obstruit:

198 3425 312 3494 quodsi
329 3430 409 3474 vento
429 3430 533 3474 mutato
561 3420 609 3471 ssat
628 3428 737 3483 auster,
759 3419 795 3472 nd
814 3369 934 3472 distamen
952 3367 1093 3472 dlsversum
1112 3421 1233 3490 aquiloni
1250 3438 1282 3474 se

198 3497 310 3548 confert

230 3613 237 3622 ,
268 3566 356 3617 Etiam
373 3561 511 3614 sentiendi
530 3570 690 3628 organorum
716 3557 922 3612 inanimalibus
940 3561 1125 3614 excellentiam
1145 3559 1281 3630 quandam

197 3652 307 3686 cernere
332 3635 415 3685 licet:
447 3632 549 3701 absque
566 3647 620 3700 quo
639 3631 724 3695 foret,
753 3647 836 3698 agnus
853 3631 926 3681 iuter
941 3649 1003 3683 over
1025 3634 1176 3683 innumeras
1195 3633 1281 3683 caulis

196 3707 319 3757 incinere
341 3705 485 3767 exsiliens,
514 3702 632 3753 colorem
663 3716 810 3769 vocemque
835 3703 928 3752 matris
954 3702 1026 3754 lroud
1044 3711 1211 3771 agnosceret,
1229 3720 1281 3754 nec

197 3775 234 3827 nd
252 3791 311 3826 enm
330 3791 359 3826 se
380 3773 502 3826 studiose
521 3772 665 3834 conferret,
679 3771 837 3840 praesertim
856 3789 915 3822 cum
933 3775 1016 3825 ubera
1034 3775 1118 3825 multa
1134 3773 1213 3824 valde
1224 3773 1281 3824 dis-

197 3853 274 3899 tenta
295 3853 455 3914 gravatusque
471 3851 632 3913 praetereat
651 3842 778 3893 nimirum
799 3843 886 3892 estin
911 3843 949 3894 eis
968 3861 1060 3896 seusus
1078 3844 1181 3906 acrior,
1201 3861 1281 3913 quam

197 3932 248 3970 nos
267 3916 460 3967 existimemus:
478 3931 534 3984 quo
551 3913 561 3964 i
580 3921 610 3965 so
627 3911 768 3984 quaelibet
785 3909 818 3962 nb
838 3912 933 3964 alienis
950 3931 999 3966 rur
1017 3915 1185 3984 dignoscunt
1217 3932 1283 3966 nec.

199 3987 264 4039 dum
282 3985 389 4036 catulus
413 3985 509 4036 dentes
531 3932 629 4046 halset,
652 4002 684 4036 ac
709 3981 886 4035 nihilomiuus
910 4001 939 4036 se
965 3985 1119 4038 laedentem
1136 4004 1182 4038 ore
1202 3986 1282 4036 vicis.

199 4058 250 4110 sim
267 4054 412 4106 ulciscitur·
431 4055 546 4104 necdum
564 4072 662 4105 cornua
682 4055 782 4107 vitulus
812 4053 912 4118 habet,
929 4072 959 4106 ac
977 4057 1151 4108 nihilominus
1172 4074 1225 4126 quo
1239 4055 1282 4106 lo.

200 4147 231 4180 eo
247 4126 302 4198 ipri
320 4139 393 4177 armo
410 4124 465 4174 sint
482 4123 622 4192 proditura
645 4125 729 4178 novit.
748 4125 922 4194 quamobrem
940 4129 1077 4198 praeclaro
1096 4128 1166 4182 dixit
1177 4127 1281 4196 Hippo.
