2742 4617
197 301 274 387 192
529 301 747 368 nicecius
774 297 937 366 caroso

191 469 401 554 δημιουργίαν
419 469 556 548 κακίζων
575 466 694 554 ἔλεγεν,
722 466 803 533 άλλά
824 466 933 553 τῆνίξ
957 465 1072 543 οίκειλκς
1091 469 1282 552 προαιρέσει.

192 593 236 644 ως
255 569 475 654 έπεγενομένπν
502 571 547 656 τῷ
569 573 714 649 κτίσματι
734 561 837 632 αὐτοῦ
854 567 978 630 κακίαν.
1033 564 1136 650 ἤγάρ
1160 570 1216 650 τῆς
1237 568 1283 632 οἰ-

190 671 279 741 κείας
300 667 432 752 ’γνώμης
457 663 606 753 ρἀθομια
640 660 800 752 άχρηστον
820 665 909 754 αὐτῷ
929 662 986 749 τὴν
1007 668 1065 731 τοῦ
1087 667 1285 749 δημιουργοῦ

189 763 370 848 είεργεσάιν
403 767 552 852 ἐποίησε,
576 760 683 849 ὥσπερ
721 758 780 831 orie
815 763 869 830 καί
886 766 938 850 ἐφ’
959 764 1049 848 ἡμῶν
1069 763 1175 830 αάταῖν
1195 761 1284 831 ἔστιν

189 866 281 930 ἰδεῖν.
336 866 392 929 καί
409 862 560 952 πράσχες,
591 868 622 930 εί
649 862 776 947 βούλει,
798 871 863 940 τοῖς
883 865 1073 947 λεγομένοις.
1117 857 1308 949 empyrei-5

93 975 246 1030 Ρ.ιοισαι
273 967 377 1029 θέλων
411 962 430 1026 ά
452 962 605 1044 βασιλεύς
634 967 697 1028 τῶν
726 962 788 1026 άπά
810 959 905 1047 χεῖρά
926 985 994 1027 τινα
1022 963 1168 1047 μεγίστην
1192 962 1283 1050 αὐτῷ

189 1065 356 1146 ἐγχειρίζει
380 1059 494 1146 οἷρχῆν.
538 1062 594 1127 καί
612 1060 648 1137 ὃς
668 1061 785 1127 αὐτίκα
809 1057 889 1145 πράς
916 1059 953 1125 τά
980 1055 1063 1144 άψος
1085 1057 1208 1125 dustein
1227 1063 1284 1146 τῆς

188 1156 307 1246 άρχῆς,
337 1164 395 1224 καί
416 1157 462 1244 μὴ
493 1158 666 1242 δυνάμενος
687 1163 844 1244 ἐνεγκεῖν,
866 1161 1032 1245 ἐπαίρεται
1053 1163 1124 1224 καθ’
1146 1155 1281 1244 ἑαυτόν,

188 1261 295 1348 ἡσυχῇ
314 1263 480 1343 καθῆσθαι
513 1259 571 1322 οὐκ
588 1260 748 1342 ἀνέχεται,
779 1257 975 1344 φαντάζεται
998 1256 1037 1324 τά
1057 1257 1136 1344 ὑπὲρ
1160 1256 1259 1324 αὐτόν
1267 1309 1279 1340 ,

187 1361 352 1443 τυραννίδι
369 1359 520 1442 κέχρηται
539 1357 598 1422 καί
613 1359 660 1431 είς
680 1351 876 1423 ἀποστασίαν
894 1359 1058 1440 χωρελτί
1076 1356 1112 1422 τά
1134 1357 1188 1423 tut
1207 1357 1279 1424 τοά-
1293 1385 1326 1430 ιο

187 1481 270 1537 τοις;
291 1451 462 1541 άχθεταιὸ
487 1455 640 1537 βασιλεῦς
659 1450 698 1520 οὗ
715 1459 837 1542 μικρῶς
858 1457 913 1521 ε’πί
931 1459 976 1542 τῷ
995 1455 1178 1542 πράγματι,
1201 1459 1280 1523 δυσ·

188 1545 340 1641 χιράίνει.
387 1557 424 1622 τί
439 1559 553 1636 τοῦτος
583 1557 683 1638 λέγει·
724 1558 791 1630 πῶς
822 1551 1034 1640 ὃάχάριστος
1052 1554 1108 1640 τάν
1126 1557 1279 1622 ἐπελθοῦ-

133 1716 138 1722 .
187 1680 248 1720 σαν
266 1654 355 1744 αὐτῷ
385 1651 481 1731 δόξαν
508 1657 554 1730 εἰς
588 1647 718 1733 ἀδοξίαν
738 1656 947 1738 μετέστρεφε,
968 1654 1024 1718 καί
1044 1657 1132 1719 θέλει
1151 1658 1213 1736 μὲν
1230 1654 1278 1742 μὴ

186 1758 332 1819 καθελεῖν
350 1751 402 1819 τάν
424 1749 612 1837 ἀγνώμονα,
635 1757 872 1841 καταφρονῆσαι
892 1756 928 1818 δὲ
950 1749 1037 1836 ὅμως
1055 1758 1113 1841 τῆς
1129 1759 1278 1840 τυραννί-

187 1855 242 1930 δος
261 1854 302 1916 ου’
323 1854 466 1918 deivarae.
504 1856 671 1938 χειροῦται
691 1851 744 1918 τὸν
764 1841 941 1936 α’ποστάτην
960 1852 1069 1920 λοιπόν
1075 1904 1085 1936 ,
1110 1856 1166 1940 τῆς
1186 1856 1278 1934 άξίας
1291 1863 1326 1928 15

186 1952 431 2036 άπογομνοῖκαί
450 1954 609 2035 δριμείαις
625 1948 797 2035 ὑποβάλλει
815 1961 954 2036 ποιναῖς,
975 1953 1074 2019 ένίοτε
1090 1955 1127 2020 δὲ
1147 1959 1205 2020 καί
1222 1961 1277 2040 τῆς

157 2049 350 2137 Βπαροάσης
377 2048 528 2134 ὑπεξάγει
559 2052 650 2136 ζωῆς.
696 2054 851 2138 συνέφερε
884 2049 992 2118 λοιπὸν
1013 2053 1102 2141 αὐτῷ
1117 2052 1163 2138 μά
1183 2055 1277 2134 δέξα-

185 2155 267 2217 σθαι
283 2149 371 2234 παρά
399 2154 556 2233 βασιλέως
581 2148 703 2236 α’ρχήν,
734 2149 819 2236 είπερ
851 2145 1001 2228 άπονοίας
1021 2151 1121 2217 αὐτοῦ
1141 2159 1274 2220 τοιαῦτα

184 2255 303 2320 παθεῖν
328 2247 537 2314 exaridum.
580 2249 718 2334 πρόσεχε
742 2241 814 2333 οὖν,
837 2249 993 2335 α’γσπητέ,
1015 2249 1071 2315 καί
1086 2251 1133 2336 μή
1155 2276 1274 2339 συναρ-

184 2347 289 2428 πάζον
310 2355 376 2424 τοῖς
394 2344 594 2436 ἐπιχειροῦσι
610 2345 669 2424 τάς
689 2346 779 2425 θείας
802 2349 979 2430 οἰκονομίας
990 2355 1273 2436 πολυπραγμονεῖν.
1283 2381 1325 2424 20

184 2683 257 2738 enim
274 2681 401 2736 dominus
420 2681 493 2737 dicat
509 2681 619 2756 (Matth.
638 2685 675 2738 26
693 2685 739 2756 aq)
755 2685 932 2758 „praestabat
951 2687 992 2740 illi
1012 2687 1117 2742 homini
1135 2706 1191 2742 non
1211 2707 1270 2746 esse

183 2757 311 2819 natium,”
330 2772 385 2806 non
400 2763 491 2806 tamen
508 2754 560 2808 boc
578 2758 617 2809 ita
636 2757 758 2827 profert,
782 2759 861 2828 quasi
880 2761 1019 2830 proprium
1040 2761 1178 2830 opificium
1196 2764 1271 2815 vitu-

182 2836 276 2898 peret,
294 2825 343 2878 sed
360 2825 482 2877 indicare
498 2827 559 2878 vult
577 2845 636 2879 eam
652 2829 842 2892 vitiositatem,
860 2846 930 2899 quoe
949 2832 1058 2899 opificio
1077 2831 1170 2884 divino
1189 2831 1270 2886 ‹tein-

183 2915 246 2967 ceps
266 2897 409 2968 ipsiusmet
431 2897 573 2949 voluntate
598 2900 720 2950 accessit.
748 2900 850 2968 quippe
877 2903 906 2952 in
934 2899 987 2952 hoc
1009 2899 1119 2954 homine
1143 2906 1270 2973 propriae

181 2969 330 3020 voluntatis
357 2968 482 3036 nequitia
513 2969 615 3026 iecerat
642 2977 672 3021 ut
691 2969 717 3020 ei
742 2967 904 3024 beneficium
923 2971 1028 3040 opificis
1045 2989 1101 3023 non
1118 2973 1270 3042 prodesset,

181 3038 248 3090 licet
265 3038 295 3090 id
326 3040 409 3090 etiam
437 3038 467 3089 iu
493 3040 593 3092 nostris
621 3037 702 3090 rebus
729 3042 901 3110 conspicere,
927 3058 958 3092 ac
975 3041 1110 3109 siquidem
1143 3045 1269 3112 iubebit,

181 3111 301 3161 animum
320 3108 454 3179 exemplo,
473 3108 548 3179 quod
567 3110 763 3174 indicabimus,
781 3111 923 3164 advertito.
934 3112 977 3163 sac
994 3128 1053 3162 ειεε
1071 3129 1161 3181 regem
1179 3133 1270 3184 quen-

181 3181 260 3244 dam,
279 3180 327 3250 qui
347 3181 468 3249 aliquem
488 3196 504 3232 ε
521 3180 639 3233 subditic
667 3179 849 3234 beneficentia
867 3182 996 3250 singulari
1020 3182 1198 3236 cohonestare
1218 3202 1270 3240 vo-

179 3251 241 3303 lens
258 3252 443 3320 magistratum
464 3251 490 3302 ei
508 3252 654 3304 maximum
675 3250 775 3306 tradat.
793 3253 842 3304 ille
862 3271 924 3305 mox
942 3251 977 3303 ad
995 3254 1181 3321 praefecturae
1200 3271 1267 3308 suae

181 3322 379 3374 sublimitatem
398 3320 581 3391 respiciendo,
610 3339 670 3373 eum
690 3323 748 3374 eius
768 3324 867 3376 molem
886 3325 1019 3376 sustinere
1038 3333 1173 3392 nequeat,
1192 3327 1267 3396 apud

181 3395 356 3463 semetipsum
373 3393 463 3443 animo
488 3394 595 3456 efferri,
614 3394 709 3462 quiete
733 3395 824 3446 vivere
849 3411 905 3446 non
929 3411 1025 3463 posce,
1050 3395 1154 3446 maiore
1172 3413 1202 3448 ae
1219 3414 1269 3449 co-

179 3465 312 3532 gitatione
338 3465 497 3533 concipere,
520 3463 692 3531 tyrannidem
712 3481 855 3535 usurpare,
881 3464 916 3516 ad
932 3463 1112 3516 delectionem
1132 3469 1267 3536 progredi.

180 3535 248 3602 quid
270 3533 419 3586 secundom
435 3533 520 3588 haec?
544 3551 591 3586 rex
607 3535 759 3602 indignari,
785 3553 841 3588 rem
858 3551 915 3587 oon
933 3552 1027 3604 parum
1046 3537 1161 3589 molesto
1178 3539 1266 3602 serre,

179 3621 270 3655 secum
289 3607 348 3674 ipso
366 3605 471 3658 dicere:
485 3604 555 3675 quid
576 3604 647 3659 hoc?
665 3607 741 3656 itane
761 3605 842 3657 homo
859 3608 979 3673 ingratus
996 3607 1128 3673 gloriam,
1148 3625 1229 3677 quum
1249 3627 1265 3662 a

177 3675 259 3725 nobis
278 3685 319 3728 est
337 3684 515 3740 consecutus,
544 3694 603 3729 cum
620 3677 732 3728 infamia
750 3677 943 3729 commutavit?
974 3677 1054 3728 simul
1072 3695 1104 3730 eo
1122 3680 1264 3749 praeditus

178 3753 220 3796 est
239 3745 330 3797 animo
348 3757 379 3798 ut
396 3747 578 3798 immemorem
589 3747 716 3799 beneficii
734 3745 847 3816 perdere
865 3747 953 3812 nolit3
970 3765 1059 3817 neque
1077 3758 1169 3802 tamen
1186 3768 1265 3802 usur-

176 3816 315 3886 pationem
333 3818 484 3882 tyrannidis
503 3820 614 3870 omnino
633 3817 771 3887 negligere
796 3818 891 3888 possit.
912 3829 1078 3890 quapropter
1098 3819 1264 3873 desertorem
1361 3877 1362 3882 ,

176 3903 253 3938 suam
268 3887 298 3936 in
316 3896 479 3954 potestatem
498 3889 614 3958 redigit,
634 3890 765 3957 dignitate
782 3890 898 3958 spoliat,
916 3890 1011 3958 poenis
1031 3892 1156 3960 gravibus
1175 3891 1263 3942 subii-

176 3958 231 4020 cit,
251 3974 447 4026 nonnunqunm
463 3968 491 4011 ct
508 3961 591 4011 vitain
609 3962 634 4010 ci
653 3959 757 4010 adimit
782 3959 917 4012 eiusmodi
937 3960 1042 4012 homini
1060 3963 1188 4031 expediat
1204 3981 1262 4014 rna-

176 4029 317 4097 girtratum
336 4029 426 4094 potius
445 4045 461 4078 a
482 4047 544 4098 rege
563 4048 619 4081 non
638 4031 791 4099 accepisse,
812 4047 892 4100 quam
906 4031 1011 4082 insania
1031 4033 1261 4102 proprietalibus
1361 4087 1362 4096 ,

176 4115 205 4150 re
222 4098 301 4150 malis
325 4104 354 4147 et
379 4099 509 4164 periculis
536 4115 680 4166 exponere,
705 4102 747 4152 sac
765 4101 848 4169 igitur
874 4102 1042 4154 considerate
1060 4121 1141 4172 agas.
1160 4104 1260 4156 dilecte
1361 4101 1362 4120 ¹

174 4167 229 4233 iili,
245 4185 297 4222 nec
313 4165 402 4236 abripi
430 4175 539 4220 tecum
561 4169 617 4221 illlr
636 4177 733 4241 patere
752 4172 801 4243 qni
825 4174 939 4226 consilia
961 4173 1051 4228 divina
1074 4176 1179 4228 curiose
1197 4191 1260 4247 per·
