2742 4617
95 231 103 240 ·
199 216 282 304 25⁰
525 240 741 308 ntctmans
770 241 932 308 osacen

195 401 295 483 πατρὶ
311 392 537 481 συνεκάθηντο.
577 391 628 460 ὅτι
649 397 686 462 δέ
704 397 935 481 συνεκάθηντο,
955 395 1049 478 δῆλον
1068 396 1103 460 ε’κι
1123 397 1180 459 τοῦ
1202 396 1280 477 περὶ

192 494 309 564 τοάκαν
331 491 415 561 σάτον
435 497 535 578 λέγειν
553 493 610 576 „oi
632 497 840 580 ἐξανέστησαν
859 497 1085 578 έπεβλέψαντες
1105 496 1159 559 ε’πέ
1177 490 1279 577 πρόσ-

97 615 124 670 Ρ.
138 613 277 668 sitnm
297 597 483 676 monost
533 597 565 660 εἰ
595 585 654 660 οὖν
672 596 902 678 ἐξανέστησαν,
928 594 1051 668 πάντας
1071 590 1127 657 καλ
1141 589 1278 659 συνεκά-

191 705 298 782 θηντο.
338 695 370 760 εἰ
389 697 426 761 δέ
446 691 463 760 ά
483 691 555 770 υἷάς
573 697 608 760 eu
629 694 740 770 δεξιάν
756 689 910 778 κάθηται,
934 693 1073 758 λείπεται
1094 689 1218 768 πάντας
1238 693 1275 768 ἐξ

192 792 367 877 edendnm
391 791 429 858 τά
464 797 588 874 πνεῦμα
616 796 789 876 καθῆσθαι.
830 790 901 874 ναί,
923 789 986 876 εἴγε
1006 787 1212 875 περιγραπτάς
1235 783 1311 874 sirii

192 895 360 980 άπαεὴρ·
414 883 517 968 ἄλλοις
543 887 603 976 γάρ
632 895 709 975 παρ’
741 889 830 980 edati
856 890 915 954 οὔκ
945 889 1029 956 ἔστιν
1049 885 1200 974 α’ριστερά
1220 892 1279 951 καί

192 991 293 1072 δεξιά.
341 994 399 1059 assi
431 987 509 1056 υἱοῦ
536 994 642 1058 τοίνυν
669 993 910 1074 συγκαθημένου
939 986 1136 1074 σογκάθητοι
1162 989 1218 1052 κατ’
1237 986 1275 1051 τά

191 1097 339 1175 πνεῦμα,
370 1093 442 1156 έπεά
459 1093 495 1156 έν
520 1089 609 1178 αὐτῷ
626 1090 731 1172 μένει,
752 1093 797 1177 τῷ
815 1087 877 1178 υἱῷ
900 1088 1029 1173 δηλαδή.
1069 1084 1215 1153 τοιούτου
1238 1087 1276 1152 di

192 1194 382 1276 κατηξιλοσεν
414 1190 539 1274 α’γαθοῦ
565 1189 610 1276 τῷ
636 1186 785 1275 Ἀβραάμ
816 1189 837 1272 ἢ
867 1193 1046 1275 φιλοξενιά,
1078 1183 1122 1263 ὥς
1140 1187 1197 1252 καί
1216 1185 1275 1270 την

191 1287 286 1376 άγέαν
304 1285 418 1373 τριάδα
445 1291 608 1352 κατελθεῖν
635 1290 683 1353 ἐπ’
704 1284 804 1353 osiris·
830 1288 886 1352 καλ
901 1284 1023 1370 καρπάν
1044 1285 1133 1374 αὐτῷ
1154 1287 1275 1360 κοιλίας
1289 1309 1331 1350 ιο

188 1389 390 1472 χαρίσασθαι
407 1382 489 1451 κατά
501 1409 537 1468 γε
556 1383 611 1450 τάν
629 1387 687 1450 τοῦ
706 1384 822 1469 γὴρσυς
841 1381 961 1470 κοιράν·
984 1386 1135 1450 τοσοῦτον
1152 1381 1215 1466 γάρ
1234 1375 1275 1465 ἢν

156 1537 160 1544 .
189 1487 211 1572 ἦ
232 1486 341 1571 Σάρρα
372 1490 586 1572 προβεβηκυῖα
605 1480 687 1551 dosa
706 1487 762 1550 καί
782 1481 913 1568 γελάσαι
932 1483 1035 1569 naiasin
1067 1488 1142 1570 περὶ
1158 1481 1275 1548 τούτου

190 1585 381 1651 ἀκούσασαν.

161 1690 183 1744 Β
273 1681 371 1750 Messi
404 1685 441 1748 δέ
470 1686 574 1749 ταῦτα
599 1682 760 1771 προφάσει
790 1685 905 1772 ajoni
925 1685 1021 1765 λιμοῦ
1036 1675 1273 1766 μετανάστηςά

186 1783 338 1875 Ἀβραάμ
357 1779 491 1866 γίνεται,
512 1781 656 1848 κάκεῑθεν
674 1785 710 1848 έν
728 1781 879 1868 Γεράσοις
902 1780 1045 1868 ἔρχεται,
1071 1778 1151 1867 πρὸς
1169 1779 1274 1864 Atyo-
1289 1785 1326 1846 25

188 1906 266 1950 πτον
286 1884 481 1968 ἀφικνεῖται,
502 1884 557 1948 καί
578 1873 674 1958 αὖθις
703 1883 892 1969 α’φαιρεῑται
910 1880 967 1966 τη“ν
986 1877 1117 1968 Σάρραν
1136 1883 1193 1945 κατ’
1212 1905 1275 1944 πα-

89 2007 95 2016 ·
189 1979 231 2067 ρά
252 1984 310 2048 τοῦ
330 1984 518 2065 Ἀβιμέλεγ·
570 1973 666 2068 ἤθελε
682 1979 745 2067 γάρ
774 1979 878 2067 adesis
901 1978 1154 2066 εὐπρεπεστάτην
1174 1972 1275 2044 οὖσαν

188 2079 267 2166 πράς
286 2079 390 2163 γάμου
422 2078 586 2146 κοινοονάακ
611 2085 735 2164 λαβεῖν,
765 2077 829 2162 εἴγε
856 2083 1048 2162 καὶμᾶλλον
1070 2075 1194 2164 ἀδελφὴ
1215 2082 1274 2144 τοῦ

185 2177 337 2265 Ἀβραάμ
355 2181 476 2264 ἐλέγετο
496 2175 590 2246 εἶναι.
629 2180 661 2244 εἰ
687 2176 749 2264 γάρ
772 2178 908 2262 α’νεψιάν
926 2203 1005 2266 φησι
1027 2177 1083 2262 την
1107 2179 1235 2262 Σάρραν
1255 2177 1272 2242 d

189 2279 334 2362 Ἰώσηπος
363 2279 422 2344 τοῦ
452 2275 618 2362 Ἀβραάμ,
649 2275 732 2344 άλλά
751 2275 828 2344 κατά
849 2275 907 2364 τὴν
929 2276 1109 2363 Μυσαϊκην
1127 2277 1271 2362 ἱστορίαν
1280 2301 1323 2342 ao

191 2380 234 2445 ἐκ
247 2374 369 2462 μητρός
396 2374 457 2458 μέν
485 2382 542 2462 τῆς
560 2377 679 2461 αὐτῆς,
709 2379 743 2455 έξ
765 2372 861 2444 ditos
895 2379 931 2444 di
950 2381 1005 2444 κατ’
1023 2370 1120 2443 άλλου
1141 2375 1272 2459 πατρός.

261 2552 286 2604 8.
303 2549 464 2606 τοοοάτουλ
548 2571 574 2624 9
593 2551 642 2627 τῷ]
659 2549 732 2608 adr?

188 2693 261 2746 hami
284 2711 364 2764 posse
381 2696 591 2766 magnus‘etiam
599 2695 762 2750 Athanasius
773 2697 820 2750 ille
836 2696 927 2750 tradit.
945 2715 1007 2750 nam
1022 2699 1076 2751 nisi
1095 2699 1165 2752 iilius
1185 2715 1200 2750 a
1234 2715 1268 2751 ue

187 2766 299 2834 spiritus
325 2765 452 2830 inissent,
477 2765 530 2818 deo
552 2784 607 2820 non
636 2769 810 2821 adsedissent.
835 2768 988 2822 consedisse
1010 2779 1101 2822 autern
1127 2787 1186 2826 oum
1203 2706 1269 2822 ιάεο

188 2835 360 2908 perspicuum
379 2853 414 2888 ea
431 2837 506 2888 hisee
518 2839 607 2890 verbis
626 2849 668 2892 est
684 2847 760 2903 „tum
780 2841 821 2892 illi
841 2851 1066 2894 consurrexerunt
1082 2849 1109 2894 et
1129 2839 1163 2891 ad
1181 2841 1269 2892 Sodo-

189 2923 234 2960 ma
261 2923 291 2960 se
316 2910 530 2960 converterunt”
553 2908 651 2979 quodsi
675 2927 729 2961 nna
754 2919 993 2974 consurrexerunt,
1019 2913 1100 2964 etiam
1118 2929 1170 2964 una
1189 2910 1269 2963 sede-

190 2985 268 3044 κοπὶς
297 2987 326 3030 et
349 2979 374 3032 si
400 2979 473 3032 filins
491 2997 506 3030 a
523 2978 624 3032 dextris
641 2981 736 3043 sedet,
754 2989 837 3034 restat
854 2982 963 3034 omnino
981 2983 1104 3051 spiritum
1121 3001 1136 3033 a
1154 2982 1269 3034 sinistris

189 3048 338 3102 considere.
368 3049 443 3119 qood
466 3049 577 3134 quidem
598 3052 689 3116 vaiet,
716 3053 740 3103 si
769 3053 829 3105 loco
854 3060 932 3122 pater
951 3053 1188 3104 circumscribatur.
1207 3069 1268 3104 nam

190 3119 347 3189 caeteroqui
376 3120 449 3190 apud
472 3137 561 3190 speum
579 3138 631 3173 nee
648 3121 743 3175 dextra
768 3131 810 3177 est
826 3139 877 3174 nse
893 3123 1008 3175 sinistra
1027 3125 1109 3192 igitur
1126 3123 1269 3175 adsidente

190 3191 248 3242 titio
266 3191 377 3260 spiritns
395 3193 477 3242 etiam
495 3208 550 3243 nna
565 3192 662 3257 sedet,
690 3211 750 3244 cnm
768 3195 797 3246 in
815 3194 873 3246 filio
888 3202 1002 3245 maneat
1022 3193 1087 3246 haec
1105 3203 1194 3246 autem
1217 3192 1267 3244 ho-

188 3262 320 3330 spitalitas
337 3261 488 3314 Abrahamo
504 3270 611 3316 tantona
630 3264 698 3316 boni
709 3265 832 3335 peperit,
850 3281 899 3317 oen
918 3263 1042 3324 diximus,
1062 3273 1092 3316 nt
1108 3265 1166 3335 ipsa
1186 3265 1267 3316 etiam

187 3340 353 3385 saoromots
371 3333 479 3386 λιλαίεαι
496 3350 557 3386 enm
585 3335 707 3388 inviserit
734 3345 762 3388 st
780 3337 808 3388 in
826 3344 935 3388 senecta
953 3335 1073 3390 sobolem
1093 3337 1118 3386 ei
1136 3337 1172 3387 sit
1187 3335 1267 3402 iargi-

186 3412 233 3455 ta.'
257 3403 336 3455 Sarra
352 3403 462 3474 quidem
479 3413 568 3458 assate
586 3414 640 3458 tam
656 3415 783 3477 provecta
801 3415 859 3458 erat
876 3415 905 3459 ut
926 3405 997 3458 hane
1015 3406 1136 3477 promitti
1154 3405 1268 3458 audiens

186 3474 294 3526 rideret

257 3543 411 3598 Secundum
436 3543 504 3596 haee
530 3544 695 3598 Abrahamns
722 3547 757 3600 ob
782 3565 890 3600 causam
911 3547 988 3598 famis
1015 3545 1103 3597 solnm
1127 3545 1209 3596 vertit
1235 3559 1267 3594 ae

186 3615 288 3666 Gerasa
307 3617 494 3684 proficiscitur.
513 3615 578 3668 hine
597 3617 688 3669 denno
708 3633 738 3670 se
756 3618 786 3670 in
804 3620 954 3688 Aegyptum
971 3619 1084 3678 confert,
1102 3614 1148 3667 nbi
1161 3615 1265 3665 Sarrasn
1340 3649 1347 3660 .

187 3684 214 3734 ei
230 3687 370 3754 coniugem
378 3687 569 3739 Abimeieehns
586 3689 687 3740 adimit
709 3688 836 3758 cupiebat
853 3690 923 3741 enim
943 3689 1017 3739 iiiam
1034 3687 1121 3738 forma
1133 3686 1265 3736 venustis-

187 3755 1176 3901 'ittstitittti:i{„?·t“tzttm¹ttits,t;‚t⁰s:tittt⁰iitt
1191 3771 1266 3878 'tit
1304 3757 1310 3768 ⁸

188 3911 217 3948 se
233 3896 420 3950 consobrinam
437 3900 598 3964 Abrahami,
616 3899 754 3952 sciendum
772 3909 863 3953 tamen
881 3909 921 3951 est
938 3915 971 3950 ex
991 3899 1144 3950 narratione
1164 3897 1265 3948 Mosai-

187 3984 218 4018 εκ
234 3967 318 4018 fnisse
336 3975 391 4018 tum
408 3972 549 4040 coniugem
573 3973 656 4041 ipsios
675 3981 731 4024 tom
755 3987 888 4032 sororem,
908 3978 938 4021 ut
956 3986 1026 4040 quae
1047 3977 1133 4022 matre
1153 3968 1265 4039 quidem

188 4037 297 4098 eadem,
316 4037 422 4088 diverso
441 4059 503 4094 vero
521 4051 597 4110 patre
613 4053 674 4094 nata
697 4049 774 4092 esset.
794 4043 886 4112 itaque
903 4041 1038 4094 occultato
1056 4058 1128 4103 uno,
1147 4055 1182 4092 ne
1204 4047 1265 4091 tan-

188 4126 268 4181 qnasn
286 4110 327 4162 vir
343 4109 465 4161 molieris
483 4114 598 4166 emedio
616 4113 768 4176 tolleretur,
787 4113 900 4167 alterum
918 4113 1032 4177 fatetur,
1050 4127 1168 4166 sororem
1185 4109 1266 4163 side·
