<?xml version="1.0" encoding="UTF-8"?>
<!DOCTYPE html PUBLIC "-//W3C//DTD XHTML 1.0 Transitional//EN"
    "http://www.w3.org/TR/xhtml1/DTD/xhtml1-transitional.dtd">
<html xmlns="http://www.w3.org/1999/xhtml" xml:lang="en" lang="en">
 <head>
  <title>
</title>
<meta http-equiv="Content-Type" content="text/html;charset=utf-8" />
  <meta name='ocr-system' content='tesseract 3.04.00' />
  <meta name='ocr-capabilities' content='ocr_page ocr_carea ocr_par ocr_line ocrx_word'/>
</head>
<body>
  <div class='ocr_page' id='page_1' title='image "./michaelisglycae01glycgoog/michaelisglycae01glycgoog_0031.png"; bbox 0 0 2742 4617; ppageno 0'>
   <div class='ocr_carea' id='block_1_1' title="bbox 467 250 1209 315">
    <p class='ocr_par' dir='ltr' id='par_1_1' title="bbox 467 250 1209 315">
     <span class='ocr_line' id='line_1_1' title="bbox 467 250 1209 315; baseline 0 0"><span class='ocrx_word' id='word_1_1' title='bbox 467 250 680 315; x_wconf 77' lang='lat' dir='ltr'><strong>ANNALIUM</strong></span> <span class='ocrx_word' id='word_1_2' title='bbox 710 252 813 315; x_wconf 75' lang='lat' dir='ltr'>PARS</span> <span class='ocrx_word' id='word_1_3' title='bbox 845 254 871 313; x_wconf 89' lang='grc'><strong><em>1.</em></strong></span> <span class='ocrx_word' id='word_1_4' title='bbox 1164 258 1209 315; x_wconf 88' lang='lat' dir='ltr'><strong><em>tt</em></strong></span> 
     </span>
    </p>
   </div>
   <div class='ocr_carea' id='block_1_2' title="bbox 72 397 1279 2276">
    <p class='ocr_par' dir='ltr' id='par_1_2' title="bbox 72 397 1279 2276">
     <span class='ocr_line' id='line_1_2' title="bbox 121 397 1214 493; baseline 0.008 -28"><span class='ocrx_word' id='word_1_5' title='bbox 121 404 185 465; x_wconf 80' lang='grc' dir='ltr'><strong><em>τάν</em></strong></span> <span class='ocrx_word' id='word_1_6' title='bbox 210 397 375 483; x_wconf 74' lang='grc' dir='ltr'><strong><em>τεσσάρων</em></strong></span> <span class='ocrx_word' id='word_1_7' title='bbox 406 408 589 487; x_wconf 74' lang='grc' dir='ltr'><strong><em>στοιχείων,</em></strong></span> <span class='ocrx_word' id='word_1_8' title='bbox 623 408 682 469; x_wconf 84' lang='grc' dir='ltr'><strong><em>κάν</em></strong></span> <span class='ocrx_word' id='word_1_9' title='bbox 704 404 804 493; x_wconf 79' lang='grc' dir='ltr'><strong><em>τοάτιρ</em></strong></span> <span class='ocrx_word' id='word_1_10' title='bbox 827 406 992 490; x_wconf 76' lang='grc' dir='ltr'><strong><em>διαφέρειν</em></strong></span> <span class='ocrx_word' id='word_1_11' title='bbox 1011 409 1076 471; x_wconf 78' lang='grc' dir='ltr'><strong><em>τάν</em></strong></span> <span class='ocrx_word' id='word_1_12' title='bbox 1096 411 1214 474; x_wconf 77' lang='grc' dir='ltr'><strong><em>λοιπῶν</em></strong></span> 
     </span>
     <span class='ocr_line' id='line_1_3' title="bbox 118 496 1215 591; baseline 0.007 -26"><span class='ocrx_word' id='word_1_13' title='bbox 118 496 275 580; x_wconf 80' lang='grc' dir='ltr'><strong><em>στομάτων</em></strong></span> <span class='ocrx_word' id='word_1_14' title='bbox 297 501 419 566; x_wconf 85' lang='grc' dir='ltr'><strong><em>αάτάν·</em></strong></span> <span class='ocrx_word' id='word_1_15' title='bbox 462 506 561 569; x_wconf 77' lang='grc' dir='ltr'><strong><em>ταῦτα</em></strong></span> <span class='ocrx_word' id='word_1_16' title='bbox 579 502 641 589; x_wconf 82' lang='grc' dir='ltr'><strong><em>γάρ</em></strong></span> <span class='ocrx_word' id='word_1_17' title='bbox 669 507 704 568; x_wconf 82' lang='grc' dir='ltr'><strong><em>ἐκ</em></strong></span> <span class='ocrx_word' id='word_1_18' title='bbox 726 506 783 587; x_wconf 80' lang='grc' dir='ltr'><strong><em>τῆς</em></strong></span> <span class='ocrx_word' id='word_1_19' title='bbox 805 508 987 589; x_wconf 79' lang='grc' dir='ltr'><strong><em>παχυτέρας</em></strong></span> <span class='ocrx_word' id='word_1_20' title='bbox 1006 508 1135 591; x_wconf 77' lang='grc' dir='ltr'><strong><em>μερίδος</em></strong></span> <span class='ocrx_word' id='word_1_21' title='bbox 1155 506 1215 591; x_wconf 71' lang='grc' dir='ltr'><strong><em>τάν</em></strong></span> 
     </span>
     <span class='ocr_line' id='line_1_4' title="bbox 115 598 1214 688; baseline 0.005 -25"><span class='ocrx_word' id='word_1_22' title='bbox 115 602 241 683; x_wconf 72' lang='grc' dir='ltr'><strong><em>γένεσιν</em></strong></span> <span class='ocrx_word' id='word_1_23' title='bbox 261 598 405 685; x_wconf 75' lang='grc' dir='ltr'><strong><em>ἔσχηκεν.</em></strong></span> <span class='ocrx_word' id='word_1_24' title='bbox 425 606 527 668; x_wconf 80' lang='grc' dir='ltr'><strong><em>ταῦτα</em></strong></span> <span class='ocrx_word' id='word_1_25' title='bbox 548 606 584 669; x_wconf 75' lang='grc' dir='ltr'><strong><em>δὲ</em></strong></span> <span class='ocrx_word' id='word_1_26' title='bbox 603 605 725 679; x_wconf 88' lang='grc' dir='ltr'><strong><em>πάντως</em></strong></span> <span class='ocrx_word' id='word_1_27' title='bbox 746 599 764 665; x_wconf 83' lang='grc' dir='ltr'><strong><em>ά</em></strong></span> <span class='ocrx_word' id='word_1_28' title='bbox 784 601 925 668; x_wconf 78' lang='grc' dir='ltr'><strong><em>Πλάτων</em></strong></span> <span class='ocrx_word' id='word_1_29' title='bbox 944 605 1107 688; x_wconf 76' lang='grc' dir='ltr'><strong><em>ἐδόξαζεν,</em></strong></span> <span class='ocrx_word' id='word_1_30' title='bbox 1127 608 1214 670; x_wconf 78' lang='grc' dir='ltr'><strong><em>ἔπει-</em></strong></span> 
     </span>
     <span class='ocr_line' id='line_1_5' title="bbox 116 694 1211 791; baseline 0.009 -30"><span class='ocrx_word' id='word_1_31' title='bbox 116 696 158 782; x_wconf 70' lang='lat' dir='ltr'><strong><em>tq·</em></strong></span> <span class='ocrx_word' id='word_1_32' title='bbox 197 697 419 783; x_wconf 76' lang='grc' dir='ltr'><strong><em>προϋπάρχειν</em></strong></span> <span class='ocrx_word' id='word_1_33' title='bbox 451 694 527 791; x_wconf 70' lang='grc' dir='ltr'><strong><em>ᾤετο</em></strong></span> <span class='ocrx_word' id='word_1_34' title='bbox 547 702 605 789; x_wconf 75' lang='grc' dir='ltr'><strong><em>τὴν</em></strong></span> <span class='ocrx_word' id='word_1_35' title='bbox 634 701 802 784; x_wconf 81' lang='grc' dir='ltr'><strong><em>άοάματον</em></strong></span> <span class='ocrx_word' id='word_1_36' title='bbox 821 698 916 787; x_wconf 59' lang='lat' dir='ltr'><strong>diss,</strong></span> <span class='ocrx_word' id='word_1_37' title='bbox 948 706 1004 790; x_wconf 72' lang='grc' dir='ltr'><strong><em>ἀφ’</em></strong></span> <span class='ocrx_word' id='word_1_38' title='bbox 1026 697 1065 790; x_wconf 79' lang='grc' dir='ltr'><strong><em>ἧς</em></strong></span> <span class='ocrx_word' id='word_1_39' title='bbox 1086 699 1150 790; x_wconf 82' lang='grc' dir='ltr'><strong><em>άρα</em></strong></span> <span class='ocrx_word' id='word_1_40' title='bbox 1170 705 1211 771; x_wconf 88' lang='grc' dir='ltr'><strong><em>τά</em></strong></span> 
     </span>
     <span class='ocr_line' id='line_1_6' title="bbox 86 798 1242 890; baseline 0.004 -24"><span class='ocrx_word' id='word_1_41' title='bbox 86 798 258 881; x_wconf 74' lang='grc' dir='ltr'><strong><em>ὄτέσσαρα</em></strong></span> <span class='ocrx_word' id='word_1_42' title='bbox 291 809 443 883; x_wconf 83' lang='grc' dir='ltr'><strong><em>στοιχεῖα.</em></strong></span> <span class='ocrx_word' id='word_1_43' title='bbox 492 805 563 867; x_wconf 75' lang='grc' dir='ltr'><strong><em>ἀλλ’</em></strong></span> <span class='ocrx_word' id='word_1_44' title='bbox 583 801 782 890; x_wconf 81' lang='grc' dir='ltr'><strong><em>ἔρρὲτωοαν,</em></strong></span> <span class='ocrx_word' id='word_1_45' title='bbox 802 801 847 877; x_wconf 75' lang='grc' dir='ltr'><strong><em>ὥς</em></strong></span> <span class='ocrx_word' id='word_1_46' title='bbox 873 804 973 885; x_wconf 74' lang='grc' dir='ltr'><strong><em>μέγας</em></strong></span> <span class='ocrx_word' id='word_1_47' title='bbox 1003 809 1084 889; x_wconf 82' lang='grc' dir='ltr'><strong><em>φησί</em></strong></span> <span class='ocrx_word' id='word_1_48' title='bbox 1104 804 1242 883; x_wconf 50' lang='grc' dir='ltr'><strong><em>Μάξιά)</em></strong></span> 
     </span>
     <span class='ocr_line' id='line_1_7' title="bbox 112 894 1234 991; baseline 0.006 -29"><span class='ocrx_word' id='word_1_49' title='bbox 112 920 194 981; x_wconf 90' lang='grc' dir='ltr'><strong><em>μος,</em></strong></span> <span class='ocrx_word' id='word_1_50' title='bbox 215 895 246 963; x_wconf 85' lang='grc' dir='ltr'><strong><em>οἱ</em></strong></span> <span class='ocrx_word' id='word_1_51' title='bbox 268 900 408 983; x_wconf 72' lang='grc' dir='ltr'><strong><em>λέγοντες</em></strong></span> <span class='ocrx_word' id='word_1_52' title='bbox 425 898 475 969; x_wconf 79' lang='grc' dir='ltr'><strong><em>ὅτι</em></strong></span> <span class='ocrx_word' id='word_1_53' title='bbox 497 903 590 969; x_wconf 77' lang='grc' dir='ltr'><strong><em>οὐδὲν</em></strong></span> <span class='ocrx_word' id='word_1_54' title='bbox 611 906 644 980; x_wconf 79' lang='grc' dir='ltr'><strong><em>ἐξ</em></strong></span> <span class='ocrx_word' id='word_1_55' title='bbox 665 897 723 966; x_wconf 72' lang='grc' dir='ltr'><strong><em>οὐκ</em></strong></span> <span class='ocrx_word' id='word_1_56' title='bbox 744 894 841 967; x_wconf 78' lang='grc' dir='ltr'><strong><em>άντων</em></strong></span> <span class='ocrx_word' id='word_1_57' title='bbox 865 903 999 984; x_wconf 73' lang='grc' dir='ltr'><strong><em>ἐγένετο·</em></strong></span> <span class='ocrx_word' id='word_1_58' title='bbox 1039 904 1131 989; x_wconf 75' lang='grc' dir='ltr'><strong><em>ἡμεῖς</em></strong></span> <span class='ocrx_word' id='word_1_59' title='bbox 1149 904 1211 991; x_wconf 76' lang='grc' dir='ltr'><strong><em>γάρ</em></strong></span> <span class='ocrx_word' id='word_1_60' title='bbox 1230 924 1234 949; x_wconf 84' lang='lat'>¹</span> 
     </span>
     <span class='ocr_line' id='line_1_8' title="bbox 112 989 1212 1086; baseline 0.008 -25"><span class='ocrx_word' id='word_1_61' title='bbox 112 1020 241 1084; x_wconf 83' lang='grc' dir='ltr'><strong><em>φαμεν,</em></strong></span> <span class='ocrx_word' id='word_1_62' title='bbox 275 994 380 1086; x_wconf 75' lang='grc' dir='ltr'><strong><em>οἵσπερ</em></strong></span> <span class='ocrx_word' id='word_1_63' title='bbox 409 1003 465 1086; x_wconf 74' lang='grc' dir='ltr'><strong><em>τῆς</em></strong></span> <span class='ocrx_word' id='word_1_64' title='bbox 494 1001 710 1086; x_wconf 82' lang='grc' dir='ltr'><strong><em>μεγαλοσάνης</em></strong></span> <span class='ocrx_word' id='word_1_65' title='bbox 742 1004 800 1066; x_wconf 77' lang='grc' dir='ltr'><strong><em>τοῦ</em></strong></span> <span class='ocrx_word' id='word_1_66' title='bbox 831 989 1036 1085; x_wconf 75' lang='grc' dir='ltr'><strong><em>πεποιηκότος</em></strong></span> <span class='ocrx_word' id='word_1_67' title='bbox 1062 1008 1120 1067; x_wconf 79' lang='lat' dir='ltr'><strong>usin</strong></span> <span class='ocrx_word' id='word_1_68' title='bbox 1142 1002 1212 1070; x_wconf 80' lang='grc' dir='ltr'><strong><em>ἔστι</em></strong></span> 
     </span>
     <span class='ocr_line' id='line_1_9' title="bbox 113 1094 1279 1189; baseline 0.002 -28"><span class='ocrx_word' id='word_1_69' title='bbox 113 1097 235 1181; x_wconf 73' lang='grc' dir='ltr'><strong><em>πέρας,</em></strong></span> <span class='ocrx_word' id='word_1_70' title='bbox 260 1094 360 1173; x_wconf 73' lang='grc' dir='ltr'><strong><em>οὕτως</em></strong></span> <span class='ocrx_word' id='word_1_71' title='bbox 382 1102 458 1165; x_wconf 82' lang='grc' dir='ltr'><strong><em>ον’δὲ</em></strong></span> <span class='ocrx_word' id='word_1_72' title='bbox 478 1106 534 1185; x_wconf 78' lang='grc' dir='ltr'><strong><em>τῆς</em></strong></span> <span class='ocrx_word' id='word_1_73' title='bbox 556 1106 672 1189; x_wconf 84' lang='grc' dir='ltr'><strong><em>σοφίας</em></strong></span> <span class='ocrx_word' id='word_1_74' title='bbox 696 1098 871 1165; x_wconf 70' lang='grc' dir='ltr'><strong><em>αὐτοῦκαὶ</em></strong></span> <span class='ocrx_word' id='word_1_75' title='bbox 891 1099 1056 1182; x_wconf 83' lang='grc' dir='ltr'><strong><em>δυνάμεως</em></strong></span> <span class='ocrx_word' id='word_1_76' title='bbox 1076 1103 1211 1188; x_wconf 85' lang='grc' dir='ltr'><strong><em>κατάλη·</em></strong></span> <span class='ocrx_word' id='word_1_77' title='bbox 1266 1134 1279 1163; x_wconf 74' lang='grc' dir='ltr'><strong><em>ι</em></strong></span> 
     </span>
     <span class='ocr_line' id='line_1_10' title="bbox 112 1194 1211 1284; baseline 0.008 -25"><span class='ocrx_word' id='word_1_78' title='bbox 112 1211 184 1276; x_wconf 82' lang='grc' dir='ltr'><strong><em>ψις.</em></strong></span> <span class='ocrx_word' id='word_1_79' title='bbox 226 1194 244 1260; x_wconf 85' lang='grc' dir='ltr'><strong><em>ά</em></strong></span> <span class='ocrx_word' id='word_1_80' title='bbox 268 1198 303 1261; x_wconf 73' lang='grc' dir='ltr'><strong><em>δὲ</em></strong></span> <span class='ocrx_word' id='word_1_81' title='bbox 322 1198 544 1284; x_wconf 82' lang='grc' dir='ltr'><strong><em>Ἀριστοτέλης</em></strong></span> <span class='ocrx_word' id='word_1_82' title='bbox 567 1196 819 1284; x_wconf 79' lang='grc' dir='ltr'><strong><em>ἐτεροάσιοντάν</em></strong></span> <span class='ocrx_word' id='word_1_83' title='bbox 839 1198 976 1284; x_wconf 80' lang='grc' dir='ltr'><strong><em>οάρανὸν</em></strong></span> <span class='ocrx_word' id='word_1_84' title='bbox 993 1200 1050 1277; x_wconf 83' lang='grc' dir='ltr'><strong><em>καί</em></strong></span> <span class='ocrx_word' id='word_1_85' title='bbox 1067 1205 1211 1284; x_wconf 79' lang='grc' dir='ltr'><strong><em>πέμπτον</em></strong></span> 
     </span>
     <span class='ocr_line' id='line_1_11' title="bbox 72 1293 1210 1386; baseline 0.006 -26"><span class='ocrx_word' id='word_1_86' title='bbox 72 1300 208 1377; x_wconf 75' lang='grc' dir='ltr'><strong><em>ιοοοῖμα</em></strong></span> <span class='ocrx_word' id='word_1_87' title='bbox 229 1302 330 1365; x_wconf 67' lang='lat' dir='ltr'><strong>satec.</strong></span> <span class='ocrx_word' id='word_1_88' title='bbox 383 1308 476 1365; x_wconf 81' lang='grc' dir='ltr'><strong><em>καλεῖ</em></strong></span> <span class='ocrx_word' id='word_1_89' title='bbox 495 1302 530 1366; x_wconf 81' lang='grc' dir='ltr'><strong><em>δὲ</em></strong></span> <span class='ocrx_word' id='word_1_90' title='bbox 566 1294 666 1365; x_wconf 86' lang='grc' dir='ltr'><strong><em>αάτάν</em></strong></span> <span class='ocrx_word' id='word_1_91' title='bbox 692 1296 872 1384; x_wconf 77' lang='grc' dir='ltr'><strong><em>ἕτεροάσιον</em></strong></span> <span class='ocrx_word' id='word_1_92' title='bbox 900 1298 957 1364; x_wconf 87' lang='grc' dir='ltr'><strong><em>καί</em></strong></span> <span class='ocrx_word' id='word_1_93' title='bbox 973 1293 1050 1363; x_wconf 85' lang='grc' dir='ltr'><strong><em>άλλο</em></strong></span> <span class='ocrx_word' id='word_1_94' title='bbox 1071 1326 1102 1365; x_wconf 84' lang='grc' dir='ltr'><strong><em>τι</em></strong></span> <span class='ocrx_word' id='word_1_95' title='bbox 1121 1302 1210 1386; x_wconf 86' lang='grc' dir='ltr'><strong><em>παρά</em></strong></span> 
     </span>
     <span class='ocr_line' id='line_1_12' title="bbox 111 1391 1207 1487; baseline 0.005 -27"><span class='ocrx_word' id='word_1_96' title='bbox 111 1393 150 1460; x_wconf 87' lang='grc' dir='ltr'><strong><em>τά</em></strong></span> <span class='ocrx_word' id='word_1_97' title='bbox 173 1398 335 1481; x_wconf 84' lang='grc' dir='ltr'><strong><em>τέσσαρα,</em></strong></span> <span class='ocrx_word' id='word_1_98' title='bbox 361 1394 408 1464; x_wconf 79' lang='grc' dir='ltr'><strong><em>δτι</em></strong></span> <span class='ocrx_word' id='word_1_99' title='bbox 436 1398 532 1483; x_wconf 63' lang='lat' dir='ltr'><strong>seir}</strong></span> <span class='ocrx_word' id='word_1_100' title='bbox 558 1403 679 1483; x_wconf 78' lang='grc' dir='ltr'><strong><em>κίνησις</em></strong></span> <span class='ocrx_word' id='word_1_101' title='bbox 710 1400 901 1487; x_wconf 78' lang='grc' dir='ltr'><strong><em>α’μφοτίρων</em></strong></span> <span class='ocrx_word' id='word_1_102' title='bbox 932 1391 1012 1483; x_wconf 77' lang='grc' dir='ltr'><strong><em>άλλη</em></strong></span> <span class='ocrx_word' id='word_1_103' title='bbox 1030 1399 1085 1464; x_wconf 83' lang='grc' dir='ltr'><strong><em>καί</em></strong></span> <span class='ocrx_word' id='word_1_104' title='bbox 1113 1393 1207 1485; x_wconf 82' lang='grc' dir='ltr'><strong><em>άλλη.</em></strong></span> 
     </span>
     <span class='ocr_line' id='line_1_13' title="bbox 111 1492 1211 1585; baseline 0.005 -26"><span class='ocrx_word' id='word_1_105' title='bbox 111 1492 149 1559; x_wconf 90' lang='grc' dir='ltr'><strong><em>τά</em></strong></span> <span class='ocrx_word' id='word_1_106' title='bbox 170 1496 232 1575; x_wconf 72' lang='grc' dir='ltr'><strong><em>μὲν</em></strong></span> <span class='ocrx_word' id='word_1_107' title='bbox 253 1496 315 1582; x_wconf 77' lang='grc' dir='ltr'><strong><em>γάρ</em></strong></span> <span class='ocrx_word' id='word_1_108' title='bbox 339 1492 404 1563; x_wconf 85' lang='grc' dir='ltr'><strong><em>άνοο</em></strong></span> <span class='ocrx_word' id='word_1_109' title='bbox 426 1503 580 1585; x_wconf 75' lang='grc' dir='ltr'><strong><em>φέρονται</em></strong></span> <span class='ocrx_word' id='word_1_110' title='bbox 600 1498 787 1585; x_wconf 79' lang='grc' dir='ltr'><strong><em>άςκοϋφα,</em></strong></span> <span class='ocrx_word' id='word_1_111' title='bbox 809 1495 848 1563; x_wconf 89' lang='grc' dir='ltr'><strong><em>τά</em></strong></span> <span class='ocrx_word' id='word_1_112' title='bbox 870 1500 905 1563; x_wconf 80' lang='grc' dir='ltr'><strong><em>δὲ</em></strong></span> <span class='ocrx_word' id='word_1_113' title='bbox 925 1496 1022 1563; x_wconf 88' lang='grc' dir='ltr'><strong><em>πάλιν</em></strong></span> <span class='ocrx_word' id='word_1_114' title='bbox 1043 1498 1086 1575; x_wconf 69' lang='lat' dir='ltr'><strong><em>uic</em></strong></span> <span class='ocrx_word' id='word_1_115' title='bbox 1104 1503 1211 1584; x_wconf 77' lang='grc' dir='ltr'><strong><em>βαρέα-</em></strong></span> 
     </span>
     <span class='ocr_line' id='line_1_14' title="bbox 112 1586 1207 1687; baseline 0.004 -28"><span class='ocrx_word' id='word_1_116' title='bbox 112 1586 187 1660; x_wconf 80' lang='grc' dir='ltr'><strong><em>άντα</em></strong></span> <span class='ocrx_word' id='word_1_117' title='bbox 209 1596 294 1661; x_wconf 85' lang='grc' dir='ltr'><strong><em>κάτω</em></strong></span> <span class='ocrx_word' id='word_1_118' title='bbox 315 1601 457 1683; x_wconf 79' lang='grc' dir='ltr'><strong><em>κέκτηται</em></strong></span> <span class='ocrx_word' id='word_1_119' title='bbox 478 1597 536 1685; x_wconf 71' lang='grc' dir='ltr'><strong><em>τήν</em></strong></span> <span class='ocrx_word' id='word_1_120' title='bbox 557 1596 679 1687; x_wconf 82' lang='grc' dir='ltr'><strong><em>φοράν·</em></strong></span> <span class='ocrx_word' id='word_1_121' title='bbox 722 1596 739 1663; x_wconf 81' lang='grc' dir='ltr'>ὅ</span> <span class='ocrx_word' id='word_1_122' title='bbox 761 1600 797 1662; x_wconf 77' lang='grc' dir='ltr'><strong><em>δὲ</em></strong></span> <span class='ocrx_word' id='word_1_123' title='bbox 819 1596 951 1683; x_wconf 86' lang='grc' dir='ltr'><strong><em>ου’ρανάς</em></strong></span> <span class='ocrx_word' id='word_1_124' title='bbox 972 1599 1121 1682; x_wconf 68' lang='grc' dir='ltr'><strong><em>κυκλικὴν</em></strong></span> <span class='ocrx_word' id='word_1_125' title='bbox 1139 1596 1207 1681; x_wconf 80' lang='grc' dir='ltr'><strong><em>ἔχει</em></strong></span> 
     </span>
     <span class='ocr_line' id='line_1_15' title="bbox 112 1690 1206 1788; baseline 0 -27"><span class='ocrx_word' id='word_1_126' title='bbox 112 1694 171 1781; x_wconf 68' lang='grc' dir='ltr'><strong><em>τὴν</em></strong></span> <span class='ocrx_word' id='word_1_127' title='bbox 199 1697 348 1781; x_wconf 77' lang='grc' dir='ltr'><strong><em>κίνησιν,</em></strong></span> <span class='ocrx_word' id='word_1_128' title='bbox 379 1700 432 1784; x_wconf 81' lang='grc' dir='ltr'><strong><em>ἐφ’</em></strong></span> <span class='ocrx_word' id='word_1_129' title='bbox 449 1690 477 1788; x_wconf 79' lang='grc' dir='ltr'><em>ᾦ</em></span> <span class='ocrx_word' id='word_1_130' title='bbox 501 1701 557 1765; x_wconf 83' lang='grc' dir='ltr'><strong><em>καί</em></strong></span> <span class='ocrx_word' id='word_1_131' title='bbox 588 1692 665 1763; x_wconf 86' lang='grc' dir='ltr'><strong><em>άλλο</em></strong></span> <span class='ocrx_word' id='word_1_132' title='bbox 685 1722 718 1765; x_wconf 87' lang='grc' dir='ltr'><strong><em>τι</em></strong></span> <span class='ocrx_word' id='word_1_133' title='bbox 747 1696 836 1783; x_wconf 88' lang='grc' dir='ltr'><strong><em>παρά</em></strong></span> <span class='ocrx_word' id='word_1_134' title='bbox 857 1695 898 1764; x_wconf 87' lang='grc' dir='ltr'><strong><em>τά</em></strong></span> <span class='ocrx_word' id='word_1_135' title='bbox 919 1701 1059 1783; x_wconf 77' lang='grc' dir='ltr'><strong><em>τέσσαρα</em></strong></span> <span class='ocrx_word' id='word_1_136' title='bbox 1080 1700 1135 1778; x_wconf 83' lang='grc' dir='ltr'><strong><em>δοξ</em></strong></span> <span class='ocrx_word' id='word_1_137' title='bbox 1148 1696 1206 1778; x_wconf 86' lang='grc' dir='ltr'><strong><em>’ζει</em></strong></span> 
     </span>
     <span class='ocr_line' id='line_1_16' title="bbox 72 1789 1237 1883; baseline 0.001 -23"><span class='ocrx_word' id='word_1_138' title='bbox 72 1796 220 1862; x_wconf 73' lang='grc' dir='ltr'><strong><em>ιὸαίτάν.</em></strong></span> <span class='ocrx_word' id='word_1_139' title='bbox 269 1799 326 1863; x_wconf 86' lang='grc' dir='ltr'><strong><em>καί</em></strong></span> <span class='ocrx_word' id='word_1_140' title='bbox 347 1789 435 1861; x_wconf 75' lang='grc' dir='ltr'><strong><em>οὗτοι</em></strong></span> <span class='ocrx_word' id='word_1_141' title='bbox 456 1800 516 1879; x_wconf 77' lang='grc' dir='ltr'><strong><em>μὲν</em></strong></span> <span class='ocrx_word' id='word_1_142' title='bbox 537 1793 650 1871; x_wconf 72' lang='grc' dir='ltr'><strong><em>οὕτως.</em></strong></span> <span class='ocrx_word' id='word_1_143' title='bbox 697 1798 789 1883; x_wconf 78' lang='grc' dir='ltr'><strong><em>ἡμεῖς</em></strong></span> <span class='ocrx_word' id='word_1_144' title='bbox 810 1800 845 1863; x_wconf 76' lang='grc' dir='ltr'><strong><em>δὲ</em></strong></span> <span class='ocrx_word' id='word_1_145' title='bbox 873 1798 1130 1880; x_wconf 70' lang='grc' dir='ltr'><strong><em>καταβάλλεσθαι</em></strong></span> <span class='ocrx_word' id='word_1_146' title='bbox 1149 1794 1237 1861; x_wconf 81' lang='lat' dir='ltr'><strong>sin’D</strong></span> 
     </span>
     <span class='ocr_line' id='line_1_17' title="bbox 112 1892 1205 1983; baseline 0.002 -24"><span class='ocrx_word' id='word_1_147' title='bbox 112 1892 254 1979; x_wconf 76' lang='lat' dir='ltr'><strong>tiiip&#39;iwv</strong></span> <span class='ocrx_word' id='word_1_148' title='bbox 276 1897 409 1982; x_wconf 82' lang='grc' dir='ltr'><strong><em>άφὲντες</em></strong></span> <span class='ocrx_word' id='word_1_149' title='bbox 437 1892 569 1977; x_wconf 75' lang='grc' dir='ltr'><strong><em>αάτοάς,</em></strong></span> <span class='ocrx_word' id='word_1_150' title='bbox 596 1899 640 1983; x_wconf 70' lang='lat' dir='ltr'><strong><em>spi</em></strong></span> <span class='ocrx_word' id='word_1_151' title='bbox 659 1895 782 1983; x_wconf 79' lang='grc' dir='ltr'><strong><em>θεάπτῃ</em></strong></span> <span class='ocrx_word' id='word_1_152' title='bbox 807 1902 989 1978; x_wconf 68' lang='grc' dir='ltr'><strong><em>πεισθῶμεν</em></strong></span> <span class='ocrx_word' id='word_1_153' title='bbox 1016 1903 1139 1963; x_wconf 84' lang='grc' dir='ltr'><strong><em>Μωσεῖ</em></strong></span> <span class='ocrx_word' id='word_1_154' title='bbox 1155 1899 1205 1961; x_wconf 77' lang='grc' dir='ltr'><strong><em>λέ-</em></strong></span> 
     </span>
     <span class='ocr_line' id='line_1_18' title="bbox 111 1992 1205 2082; baseline 0.002 -24"><span class='ocrx_word' id='word_1_155' title='bbox 111 2018 195 2077; x_wconf 69' lang='grc' dir='ltr'><strong><em>γοντι</em></strong></span> <span class='ocrx_word' id='word_1_156' title='bbox 230 1998 290 2077; x_wconf 87' lang='grc' dir='ltr'><strong><em>,,ε’ν</em></strong></span> <span class='ocrx_word' id='word_1_157' title='bbox 324 1997 411 2082; x_wconf 78' lang='grc' dir='ltr'><strong><em>α’ρχῇ</em></strong></span> <span class='ocrx_word' id='word_1_158' title='bbox 433 1997 578 2079; x_wconf 74' lang='grc' dir='ltr'><strong><em>ἐποίησεν</em></strong></span> <span class='ocrx_word' id='word_1_159' title='bbox 600 1994 616 2061; x_wconf 86' lang='grc' dir='ltr'><strong><em>ά</em></strong></span> <span class='ocrx_word' id='word_1_160' title='bbox 636 1992 713 2070; x_wconf 85' lang='grc' dir='ltr'><strong><em>θεάς</em></strong></span> <span class='ocrx_word' id='word_1_161' title='bbox 735 1992 792 2061; x_wconf 87' lang='grc' dir='ltr'><strong><em>τάν</em></strong></span> <span class='ocrx_word' id='word_1_162' title='bbox 814 1993 950 2081; x_wconf 85' lang='grc' dir='ltr'><strong><em>ον’ρανάν</em></strong></span> <span class='ocrx_word' id='word_1_163' title='bbox 969 2000 1025 2060; x_wconf 89' lang='grc' dir='ltr'><strong><em>καί</em></strong></span> <span class='ocrx_word' id='word_1_164' title='bbox 1045 1996 1103 2080; x_wconf 71' lang='grc' dir='ltr'><strong><em>τὴν</em></strong></span> <span class='ocrx_word' id='word_1_165' title='bbox 1122 2000 1205 2081; x_wconf 76' lang='grc' dir='ltr'><strong><em>γῆν.”</em></strong></span> 
     </span>
     <span class='ocr_line' id='line_1_19' title="bbox 110 2092 1206 2179; baseline 0.003 -21"><span class='ocrx_word' id='word_1_166' title='bbox 110 2096 283 2160; x_wconf 82' lang='grc' dir='ltr'><strong><em>τάντεῦθεν</em></strong></span> <span class='ocrx_word' id='word_1_167' title='bbox 315 2097 351 2160; x_wconf 81' lang='grc' dir='ltr'><strong><em>ἐκ</em></strong></span> <span class='ocrx_word' id='word_1_168' title='bbox 371 2098 428 2159; x_wconf 78' lang='grc' dir='ltr'><strong><em>τοῦ</em></strong></span> <span class='ocrx_word' id='word_1_169' title='bbox 448 2094 584 2170; x_wconf 82' lang='grc' dir='ltr'><strong><em>κάλλους</em></strong></span> <span class='ocrx_word' id='word_1_170' title='bbox 614 2098 679 2159; x_wconf 78' lang='grc' dir='ltr'><strong><em>τάν</em></strong></span> <span class='ocrx_word' id='word_1_171' title='bbox 696 2092 868 2178; x_wconf 74' lang='grc' dir='ltr'><strong><em>ὁρωμένων</em></strong></span> <span class='ocrx_word' id='word_1_172' title='bbox 887 2092 941 2160; x_wconf 87' lang='grc' dir='ltr'><strong><em>τάν</em></strong></span> <span class='ocrx_word' id='word_1_173' title='bbox 960 2094 1136 2179; x_wconf 73' lang='grc' dir='ltr'><strong><em>ὑπέρκαλον</em></strong></span> <span class='ocrx_word' id='word_1_174' title='bbox 1156 2098 1206 2161; x_wconf 86' lang='grc' dir='ltr'><strong><em>ε’ν-</em></strong></span> 
     </span>
     <span class='ocr_line' id='line_1_20' title="bbox 110 2189 1223 2276; baseline 0.001 -19"><span class='ocrx_word' id='word_1_175' title='bbox 110 2190 280 2276; x_wconf 80' lang='grc' dir='ltr'><strong><em>νοοάμεθα,</em></strong></span> <span class='ocrx_word' id='word_1_176' title='bbox 310 2189 463 2271; x_wconf 80' lang='grc' dir='ltr'><strong><em>άσαάτοος</em></strong></span> <span class='ocrx_word' id='word_1_177' title='bbox 500 2194 535 2257; x_wconf 73' lang='grc' dir='ltr'><strong><em>ἐκ</em></strong></span> <span class='ocrx_word' id='word_1_178' title='bbox 556 2196 615 2257; x_wconf 79' lang='grc' dir='ltr'><strong><em>τοῦ</em></strong></span> <span class='ocrx_word' id='word_1_179' title='bbox 632 2196 792 2276; x_wconf 76' lang='grc' dir='ltr'><strong><em>μεγέθους</em></strong></span> <span class='ocrx_word' id='word_1_180' title='bbox 815 2194 923 2257; x_wconf 66' lang='lat' dir='ltr'><strong>adreio</strong></span> <span class='ocrx_word' id='word_1_181' title='bbox 944 2191 1223 2275; x_wconf 66' lang='grc' dir='ltr'><strong><em>α’ναλογιζοάμεθα»</em></strong></span> 
     </span>
    </p>
   </div>
   <div class='ocr_carea' id='block_1_3' title="bbox 64 2284 1207 2579">
    <p class='ocr_par' dir='ltr' id='par_1_3' title="bbox 64 2284 1207 2579">
     <span class='ocr_line' id='line_1_21' title="bbox 64 2284 1207 2379; baseline 0.004 -26"><span class='ocrx_word' id='word_1_182' title='bbox 64 2314 101 2354; x_wconf 84' lang='lat'><strong><em>20</em></strong></span> <span class='ocrx_word' id='word_1_183' title='bbox 111 2291 167 2357; x_wconf 88' lang='grc' dir='ltr'><strong><em>τάν</em></strong></span> <span class='ocrx_word' id='word_1_184' title='bbox 185 2292 388 2379; x_wconf 72' lang='grc' dir='ltr'><strong><em>ὑπερμεγέθη</em></strong></span> <span class='ocrx_word' id='word_1_185' title='bbox 411 2296 466 2358; x_wconf 86' lang='grc' dir='ltr'><strong><em>καί</em></strong></span> <span class='ocrx_word' id='word_1_186' title='bbox 482 2284 630 2377; x_wconf 86' lang='grc' dir='ltr'><strong><em>άπειρον·</em></strong></span> <span class='ocrx_word' id='word_1_187' title='bbox 652 2288 733 2357; x_wconf 88' lang='grc' dir='ltr'><strong><em>κατά</em></strong></span> <span class='ocrx_word' id='word_1_188' title='bbox 753 2288 815 2377; x_wconf 74' lang='grc' dir='ltr'><strong><em>γάρ</em></strong></span> <span class='ocrx_word' id='word_1_189' title='bbox 841 2290 897 2356; x_wconf 83' lang='grc' dir='ltr'><strong><em>τὸν</em></strong></span> <span class='ocrx_word' id='word_1_190' title='bbox 916 2291 1020 2377; x_wconf 82' lang='grc' dir='ltr'><strong><em>οοφάν</em></strong></span> <span class='ocrx_word' id='word_1_191' title='bbox 1039 2294 1207 2373; x_wconf 73' lang='grc' dir='ltr'><strong><em>Σολομῶν-</em></strong></span> 
     </span>
     <span class='ocr_line' id='line_1_22' title="bbox 110 2386 1205 2477; baseline 0.002 -22"><span class='ocrx_word' id='word_1_192' title='bbox 110 2416 153 2456; x_wconf 90' lang='grc' dir='ltr'><strong><em>τα</em></strong></span> <span class='ocrx_word' id='word_1_193' title='bbox 175 2394 211 2457; x_wconf 76' lang='grc' dir='ltr'><strong><em>ἐκ</em></strong></span> <span class='ocrx_word' id='word_1_194' title='bbox 238 2398 394 2477; x_wconf 78' lang='grc' dir='ltr'><strong><em>μεγέθους</em></strong></span> <span class='ocrx_word' id='word_1_195' title='bbox 420 2390 475 2457; x_wconf 87' lang='grc' dir='ltr'><strong><em>καί</em></strong></span> <span class='ocrx_word' id='word_1_196' title='bbox 501 2394 651 2475; x_wconf 71' lang='grc' dir='ltr'><strong><em>καλλονῆς</em></strong></span> <span class='ocrx_word' id='word_1_197' title='bbox 672 2386 854 2472; x_wconf 85' lang='grc' dir='ltr'><strong><em>κτισμάτων</em></strong></span> <span class='ocrx_word' id='word_1_198' title='bbox 872 2388 890 2456; x_wconf 85' lang='grc' dir='ltr'>ὅ</span> <span class='ocrx_word' id='word_1_199' title='bbox 909 2389 1127 2475; x_wconf 80' lang='grc' dir='ltr'><strong><em>γενεοιοορμάς</em></strong></span> <span class='ocrx_word' id='word_1_200' title='bbox 1146 2392 1205 2457; x_wconf 83' lang='lat' dir='ltr'><strong>uri·</strong></span> 
     </span>
     <span class='ocr_line' id='line_1_23' title="bbox 108 2489 1207 2579; baseline -0.001 -22"><span class='ocrx_word' id='word_1_201' title='bbox 108 2494 175 2557; x_wconf 77' lang='grc' dir='ltr'><strong><em>τοῖν</em></strong></span> <span class='ocrx_word' id='word_1_202' title='bbox 194 2496 376 2578; x_wconf 71' lang='grc' dir='ltr'><strong><em>θεωρεῖται.</em></strong></span> <span class='ocrx_word' id='word_1_203' title='bbox 429 2491 485 2557; x_wconf 90' lang='grc' dir='ltr'><strong><em>καί</em></strong></span> <span class='ocrx_word' id='word_1_204' title='bbox 502 2489 538 2557; x_wconf 90' lang='grc' dir='ltr'><strong><em>τί</em></strong></span> <span class='ocrx_word' id='word_1_205' title='bbox 561 2490 626 2579; x_wconf 70' lang='grc' dir='ltr'><strong><em>χρὴ</em></strong></span> <span class='ocrx_word' id='word_1_206' title='bbox 647 2490 747 2557; x_wconf 90' lang='grc' dir='ltr'><strong><em>πολλά</em></strong></span> <span class='ocrx_word' id='word_1_207' title='bbox 771 2494 891 2574; x_wconf 75' lang='grc' dir='ltr'><strong><em>λέγειν,·</em></strong></span> <span class='ocrx_word' id='word_1_208' title='bbox 911 2492 947 2557; x_wconf 76' lang='grc' dir='ltr'><strong><em>ἐκ</em></strong></span> <span class='ocrx_word' id='word_1_209' title='bbox 964 2490 1128 2578; x_wconf 85' lang='grc' dir='ltr'><strong><em>τεσσάρων</em></strong></span> <span class='ocrx_word' id='word_1_210' title='bbox 1147 2495 1207 2574; x_wconf 82' lang='grc' dir='ltr'><strong><em>μὲν</em></strong></span> 
     </span>
    </p>
   </div>
   <div class='ocr_carea' id='block_1_4' title="bbox 185 2680 1204 2809">
    <p class='ocr_par' dir='ltr' id='par_1_4' title="bbox 185 2680 1204 2809">
     <span class='ocr_line' id='line_1_24' title="bbox 187 2680 1204 2757; baseline -0.001 -23"><span class='ocrx_word' id='word_1_211' title='bbox 187 2684 212 2734; x_wconf 81' lang='grc'><strong><em>3.</em></strong></span> <span class='ocrx_word' id='word_1_212' title='bbox 229 2680 315 2735; x_wconf 73' lang='grc' dir='ltr'><strong><em>ταῦτα</em></strong></span> <span class='ocrx_word' id='word_1_213' title='bbox 332 2714 366 2727; x_wconf 89' lang='grc'>-</span> <span class='ocrx_word' id='word_1_214' title='bbox 391 2682 546 2752; x_wconf 80' lang='grc' dir='ltr'><strong><em>κατάληψις</em></strong></span> <span class='ocrx_word' id='word_1_215' title='bbox 564 2700 608 2735; x_wconf 89' lang='lat' dir='ltr'><strong><em>om</em></strong></span> <span class='ocrx_word' id='word_1_216' title='bbox 626 2684 648 2736; x_wconf 79' lang='lat' dir='ltr'><strong>F</strong></span> <span class='ocrx_word' id='word_1_217' title='bbox 665 2684 778 2755; x_wconf 77' lang='lat' dir='ltr'><strong>aliique.</strong></span> <span class='ocrx_word' id='word_1_218' title='bbox 872 2684 911 2735; x_wconf 83' lang='lat'><strong><em>16.</em></strong></span> <span class='ocrx_word' id='word_1_219' title='bbox 929 2681 1050 2757; x_wconf 72' lang='lat' dir='ltr'><strong>dedurp]</strong></span> <span class='ocrx_word' id='word_1_220' title='bbox 1078 2680 1204 2754; x_wconf 68' lang='lat' dir='ltr'><strong>adsdnrp</strong></span> 
     </span>
     <span class='ocr_line' id='line_1_25' title="bbox 185 2752 906 2809; baseline -0.001 -4"><span class='ocrx_word' id='word_1_221' title='bbox 185 2752 372 2807; x_wconf 80' lang='lat' dir='ltr'><strong>Leunclnrius.</strong></span> <span class='ocrx_word' id='word_1_222' title='bbox 450 2771 491 2807; x_wconf 82' lang='lat' dir='ltr'><strong><em>nn.</em></strong></span> <span class='ocrx_word' id='word_1_223' title='bbox 509 2758 557 2807; x_wconf 75' lang='lat' dir='ltr'><strong>sut</strong></span> <span class='ocrx_word' id='word_1_224' title='bbox 574 2759 603 2809; x_wconf 79' lang='grc' dir='ltr'><strong><em>τί</em></strong></span> <span class='ocrx_word' id='word_1_225' title='bbox 625 2786 657 2797; x_wconf 97' lang='grc'>-</span> <span class='ocrx_word' id='word_1_226' title='bbox 675 2760 803 2809; x_wconf 76' lang='grc' dir='ltr'><strong><em>τοσαῦτα</em></strong></span> <span class='ocrx_word' id='word_1_227' title='bbox 818 2770 863 2805; x_wconf 92' lang='lat' dir='ltr'><strong><em>orn</em></strong></span> <span class='ocrx_word' id='word_1_228' title='bbox 876 2755 906 2805; x_wconf 86' lang='lat' dir='ltr'><strong><em>F.</em></strong></span> 
     </span>
    </p>
   </div>
   <div class='ocr_carea' id='block_1_5' title="bbox 105 2927 1298 4215">
    <p class='ocr_par' dir='ltr' id='par_1_5' title="bbox 105 2927 1207 3213">
     <span class='ocr_line' id='line_1_26' title="bbox 107 2927 1207 2999; baseline -0.002 -16"><span class='ocrx_word' id='word_1_229' title='bbox 107 2936 204 2983; x_wconf 81' lang='lat' dir='ltr'><strong>staret.</strong></span> <span class='ocrx_word' id='word_1_230' title='bbox 229 2945 323 2981; x_wconf 81' lang='lat' dir='ltr'><strong>verum</strong></span> <span class='ocrx_word' id='word_1_231' title='bbox 348 2930 485 2983; x_wconf 85' lang='lat' dir='ltr'><strong>enimvero</strong></span> <span class='ocrx_word' id='word_1_232' title='bbox 507 2930 617 2983; x_wconf 79' lang='lat' dir='ltr'><strong>soleant</strong></span> <span class='ocrx_word' id='word_1_233' title='bbox 641 2930 699 2995; x_wconf 84' lang='lat' dir='ltr'><strong>itti,</strong></span> <span class='ocrx_word' id='word_1_234' title='bbox 728 2938 760 2983; x_wconf 89' lang='lat' dir='ltr'><strong>ut</strong></span> <span class='ocrx_word' id='word_1_235' title='bbox 777 2930 891 2999; x_wconf 80' lang='lat' dir='ltr'><strong>insignis</strong></span> <span class='ocrx_word' id='word_1_236' title='bbox 916 2929 969 2983; x_wconf 78' lang='lat' dir='ltr'><strong>riri</strong></span> <span class='ocrx_word' id='word_1_237' title='bbox 987 2927 1098 2981; x_wconf 75' lang='lat' dir='ltr'><strong>Maximi</strong></span> <span class='ocrx_word' id='word_1_238' title='bbox 1116 2928 1207 2981; x_wconf 82' lang='lat' dir='ltr'><strong>verbis</strong></span> 
     </span>
     <span class='ocr_line' id='line_1_27' title="bbox 107 2999 1206 3071; baseline -0.004 -18"><span class='ocrx_word' id='word_1_239' title='bbox 107 3010 190 3064; x_wconf 71' lang='lat' dir='ltr'><strong>utar,</strong></span> <span class='ocrx_word' id='word_1_240' title='bbox 210 3000 259 3069; x_wconf 87' lang='lat' dir='ltr'><strong><em>qui</em></strong></span> <span class='ocrx_word' id='word_1_241' title='bbox 277 3000 312 3053; x_wconf 88' lang='lat' dir='ltr'><strong><em>de</em></strong></span> <span class='ocrx_word' id='word_1_242' title='bbox 330 3000 419 3053; x_wconf 85' lang='lat' dir='ltr'>nihilo</span> <span class='ocrx_word' id='word_1_243' title='bbox 445 3002 592 3071; x_wconf 82' lang='lat' dir='ltr'><strong>quicquam</strong></span> <span class='ocrx_word' id='word_1_244' title='bbox 616 3012 706 3054; x_wconf 88' lang='lat' dir='ltr'><strong>ortum</strong></span> <span class='ocrx_word' id='word_1_245' title='bbox 734 3010 843 3070; x_wconf 83' lang='lat' dir='ltr'><strong>negant.</strong></span> <span class='ocrx_word' id='word_1_246' title='bbox 871 3016 920 3052; x_wconf 87' lang='lat' dir='ltr'><strong><em>nos</em></strong></span> <span class='ocrx_word' id='word_1_247' title='bbox 948 3000 1021 3051; x_wconf 89' lang='lat' dir='ltr'><strong>enirn</strong></span> <span class='ocrx_word' id='word_1_248' title='bbox 1047 2999 1206 3069; x_wconf 82' lang='lat' dir='ltr'><strong>profitemur</strong></span> 
     </span>
     <span class='ocr_line' id='line_1_28' title="bbox 106 3069 1207 3141; baseline -0.003 -18"><span class='ocrx_word' id='word_1_249' title='bbox 106 3071 222 3133; x_wconf 88' lang='lat' dir='ltr'><strong>itidem,</strong></span> <span class='ocrx_word' id='word_1_250' title='bbox 241 3079 274 3125; x_wconf 88' lang='lat' dir='ltr'><strong>ut</strong></span> <span class='ocrx_word' id='word_1_251' title='bbox 299 3072 426 3123; x_wconf 77' lang='lat' dir='ltr'><strong>maiestas</strong></span> <span class='ocrx_word' id='word_1_252' title='bbox 445 3082 473 3125; x_wconf 89' lang='lat' dir='ltr'><strong>et</strong></span> <span class='ocrx_word' id='word_1_253' title='bbox 491 3072 642 3141; x_wconf 78' lang='lat' dir='ltr'><strong>amplitudo</strong></span> <span class='ocrx_word' id='word_1_254' title='bbox 671 3074 803 3124; x_wconf 84' lang='lat' dir='ltr'><strong>creatoris</strong></span> <span class='ocrx_word' id='word_1_255' title='bbox 821 3072 905 3123; x_wconf 87' lang='lat' dir='ltr'><strong>nullis</strong></span> <span class='ocrx_word' id='word_1_256' title='bbox 923 3072 961 3123; x_wconf 76' lang='lat' dir='ltr'><strong>sit</strong></span> <span class='ocrx_word' id='word_1_257' title='bbox 977 3072 1083 3123; x_wconf 80' lang='lat' dir='ltr'><strong>inclusa</strong></span> <span class='ocrx_word' id='word_1_258' title='bbox 1104 3069 1207 3121; x_wconf 82' lang='lat' dir='ltr'><strong>descri-</strong></span> 
     </span>
     <span class='ocr_line' id='line_1_29' title="bbox 105 3142 1207 3213; baseline -0.003 -18"><span class='ocrx_word' id='word_1_259' title='bbox 105 3152 213 3213; x_wconf 79' lang='lat' dir='ltr'><strong>ptaque</strong></span> <span class='ocrx_word' id='word_1_260' title='bbox 233 3143 375 3206; x_wconf 86' lang='lat' dir='ltr'><strong>terminis,</strong></span> <span class='ocrx_word' id='word_1_261' title='bbox 396 3143 435 3195; x_wconf 82' lang='lat' dir='ltr'><strong>ita</strong></span> <span class='ocrx_word' id='word_1_262' title='bbox 452 3161 503 3195; x_wconf 85' lang='lat' dir='ltr'><strong><em>nec</em></strong></span> <span class='ocrx_word' id='word_1_263' title='bbox 521 3144 682 3212; x_wconf 72' lang='lat' dir='ltr'><strong>sapientiam</strong></span> <span class='ocrx_word' id='word_1_264' title='bbox 702 3146 761 3195; x_wconf 82' lang='lat' dir='ltr'><strong>eius</strong></span> <span class='ocrx_word' id='word_1_265' title='bbox 779 3160 830 3195; x_wconf 86' lang='lat' dir='ltr'><strong><em>nee</em></strong></span> <span class='ocrx_word' id='word_1_266' title='bbox 841 3151 1004 3213; x_wconf 70' lang='lat' dir='ltr'><strong>potestatem</strong></span> <span class='ocrx_word' id='word_1_267' title='bbox 1022 3142 1125 3211; x_wconf 83' lang='lat' dir='ltr'>percipi</span> <span class='ocrx_word' id='word_1_268' title='bbox 1142 3157 1207 3209; x_wconf 80' lang='lat' dir='ltr'><strong>pos-</strong></span> 
     </span>
    </p>

    <p class='ocr_par' dir='ltr' id='par_1_6' title="bbox 107 3214 1207 3281">
     <span class='ocr_line' id='line_1_30' title="bbox 107 3214 1207 3281; baseline 0 -16"><span class='ocrx_word' id='word_1_269' title='bbox 107 3230 145 3265; x_wconf 85' lang='lat' dir='ltr'><strong><em>se.</em></strong></span> <span class='ocrx_word' id='word_1_270' title='bbox 181 3214 345 3265; x_wconf 78' lang='lat' dir='ltr'><strong>Aristoteles</strong></span> <span class='ocrx_word' id='word_1_271' title='bbox 363 3222 453 3265; x_wconf 82' lang='lat' dir='ltr'><strong>autem</strong></span> <span class='ocrx_word' id='word_1_272' title='bbox 474 3216 585 3267; x_wconf 84' lang='lat' dir='ltr'><strong>alterius</strong></span> <span class='ocrx_word' id='word_1_273' title='bbox 602 3214 742 3267; x_wconf 75' lang='lat' dir='ltr'><strong>cuiusdam</strong></span> <span class='ocrx_word' id='word_1_274' title='bbox 770 3216 904 3267; x_wconf 79' lang='lat' dir='ltr'><strong>essentiae</strong></span> <span class='ocrx_word' id='word_1_275' title='bbox 923 3214 1030 3265; x_wconf 85' lang='lat' dir='ltr'><strong>coelum</strong></span> <span class='ocrx_word' id='word_1_276' title='bbox 1049 3228 1108 3263; x_wconf 81' lang='lat' dir='ltr'><strong>esse</strong></span> <span class='ocrx_word' id='word_1_277' title='bbox 1125 3219 1207 3281; x_wconf 78' lang='lat' dir='ltr'><strong>putat</strong></span> 
     </span>
    </p>

    <p class='ocr_par' dir='ltr' id='par_1_7' title="bbox 106 3282 1298 4215">
     <span class='ocr_line' id='line_1_31' title="bbox 108 3282 1206 3355; baseline -0.004 -18"><span class='ocrx_word' id='word_1_278' title='bbox 108 3292 137 3337; x_wconf 80' lang='lat' dir='ltr'><strong>et</strong></span> <span class='ocrx_word' id='word_1_279' title='bbox 155 3285 284 3353; x_wconf 86' lang='lat' dir='ltr'><strong>quintum</strong></span> <span class='ocrx_word' id='word_1_280' title='bbox 302 3302 399 3354; x_wconf 83' lang='lat' dir='ltr'><strong>corpus</strong></span> <span class='ocrx_word' id='word_1_281' title='bbox 418 3286 547 3355; x_wconf 77' lang='lat' dir='ltr'><strong>appellnt.</strong></span> <span class='ocrx_word' id='word_1_282' title='bbox 567 3284 644 3337; x_wconf 81' lang='lat' dir='ltr'><strong>uddit</strong></span> <span class='ocrx_word' id='word_1_283' title='bbox 668 3302 727 3338; x_wconf 85' lang='lat' dir='ltr'><strong>esse</strong></span> <span class='ocrx_word' id='word_1_284' title='bbox 744 3287 851 3338; x_wconf 87' lang='lat' dir='ltr'><strong>eoelum</strong></span> <span class='ocrx_word' id='word_1_285' title='bbox 869 3285 980 3337; x_wconf 80' lang='lat' dir='ltr'><strong>ulterius</strong></span> <span class='ocrx_word' id='word_1_286' title='bbox 1000 3282 1144 3345; x_wconf 76' lang='lat' dir='ltr'><strong>essentiae,</strong></span> <span class='ocrx_word' id='word_1_287' title='bbox 1161 3282 1206 3334; x_wconf 91' lang='lat' dir='ltr'><strong><em>ni-</em></strong></span> 
     </span>
     <span class='ocr_line' id='line_1_32' title="bbox 106 3352 1206 3426; baseline -0.004 -19"><span class='ocrx_word' id='word_1_288' title='bbox 106 3356 207 3407; x_wconf 85' lang='lat' dir='ltr'><strong>mirum</strong></span> <span class='ocrx_word' id='word_1_289' title='bbox 237 3354 273 3407; x_wconf 83' lang='lat' dir='ltr'><strong><em>sb</em></strong></span> <span class='ocrx_word' id='word_1_290' title='bbox 292 3357 411 3407; x_wconf 83' lang='lat' dir='ltr'><strong>essentis</strong></span> <span class='ocrx_word' id='word_1_291' title='bbox 438 3366 569 3426; x_wconf 81' lang='lat' dir='ltr'><strong>quattuor</strong></span> <span class='ocrx_word' id='word_1_292' title='bbox 598 3357 795 3409; x_wconf 83' lang='lat' dir='ltr'><strong>elementorum</strong></span> <span class='ocrx_word' id='word_1_293' title='bbox 825 3356 967 3419; x_wconf 79' lang='lat' dir='ltr'><strong>diversae,</strong></span> <span class='ocrx_word' id='word_1_294' title='bbox 990 3363 1101 3425; x_wconf 86' lang='lat' dir='ltr'><strong>propter</strong></span> <span class='ocrx_word' id='word_1_295' title='bbox 1129 3352 1206 3404; x_wconf 75' lang='lat' dir='ltr'><strong>iilam</strong></span> 
     </span>
     <span class='ocr_line' id='line_1_33' title="bbox 107 3426 1298 3498; baseline -0.002 -21"><span class='ocrx_word' id='word_1_296' title='bbox 107 3443 231 3490; x_wconf 73' lang='lat' dir='ltr'><strong>cansam,</strong></span> <span class='ocrx_word' id='word_1_297' title='bbox 258 3426 334 3497; x_wconf 91' lang='lat' dir='ltr'><strong>quod</strong></span> <span class='ocrx_word' id='word_1_298' title='bbox 359 3426 499 3479; x_wconf 79' lang='lat' dir='ltr'><strong>amborum</strong></span> <span class='ocrx_word' id='word_1_299' title='bbox 516 3434 607 3480; x_wconf 84' lang='lat' dir='ltr'><strong>motus</strong></span> <span class='ocrx_word' id='word_1_300' title='bbox 637 3426 737 3480; x_wconf 88' lang='lat' dir='ltr'><strong>diversi</strong></span> <span class='ocrx_word' id='word_1_301' title='bbox 751 3430 814 3481; x_wconf 80' lang='lat' dir='ltr'><strong>sint.</strong></span> <span class='ocrx_word' id='word_1_302' title='bbox 839 3445 902 3480; x_wconf 83' lang='lat' dir='ltr'><strong>narn</strong></span> <span class='ocrx_word' id='word_1_303' title='bbox 920 3428 1057 3492; x_wconf 73' lang='lat' dir='ltr'><strong>elemento</strong></span> <span class='ocrx_word' id='word_1_304' title='bbox 1076 3432 1207 3493; x_wconf 75' lang='lat' dir='ltr'><strong>quattuor</strong></span> <span class='ocrx_word' id='word_1_305' title='bbox 1295 3493 1298 3498; x_wconf 28' lang='lat'><strong>⁴</strong></span> 
     </span>
     <span class='ocr_line' id='line_1_34' title="bbox 107 3498 1207 3569; baseline -0.005 -18"><span class='ocrx_word' id='word_1_306' title='bbox 107 3498 208 3567; x_wconf 77' lang='lat' dir='ltr'><strong>partim</strong></span> <span class='ocrx_word' id='word_1_307' title='bbox 231 3505 263 3550; x_wconf 89' lang='lat' dir='ltr'><strong>ut</strong></span> <span class='ocrx_word' id='word_1_308' title='bbox 279 3498 352 3551; x_wconf 78' lang='lat' dir='ltr'><strong>levio</strong></span> <span class='ocrx_word' id='word_1_309' title='bbox 369 3516 476 3551; x_wconf 80' lang='lat' dir='ltr'><strong>sursum</strong></span> <span class='ocrx_word' id='word_1_310' title='bbox 496 3500 636 3563; x_wconf 86' lang='lat' dir='ltr'><strong>seruntur,</strong></span> <span class='ocrx_word' id='word_1_311' title='bbox 656 3500 754 3569; x_wconf 79' lang='lat' dir='ltr'><strong>partim</strong></span> <span class='ocrx_word' id='word_1_312' title='bbox 772 3510 803 3553; x_wconf 90' lang='lat' dir='ltr'><strong>ut</strong></span> <span class='ocrx_word' id='word_1_313' title='bbox 820 3500 909 3569; x_wconf 77' lang='lat' dir='ltr'><strong>gravia</strong></span> <span class='ocrx_word' id='word_1_314' title='bbox 927 3499 966 3549; x_wconf 82' lang='lat' dir='ltr'><strong><em>sic</em></strong></span> <span class='ocrx_word' id='word_1_315' title='bbox 984 3514 1000 3547; x_wconf 88' lang='lat' dir='ltr'><strong>s</strong></span> <span class='ocrx_word' id='word_1_316' title='bbox 1018 3503 1116 3546; x_wconf 84' lang='lat' dir='ltr'><strong>natura</strong></span> <span class='ocrx_word' id='word_1_317' title='bbox 1133 3512 1207 3547; x_wconf 86' lang='lat' dir='ltr'><strong>corn-</strong></span> 
     </span>
     <span class='ocr_line' id='line_1_35' title="bbox 108 3566 1206 3639; baseline 0 -20"><span class='ocrx_word' id='word_1_318' title='bbox 108 3577 202 3637; x_wconf 78' lang='lat' dir='ltr'><strong>parata</strong></span> <span class='ocrx_word' id='word_1_319' title='bbox 223 3576 289 3621; x_wconf 87' lang='lat' dir='ltr'><strong>runt</strong></span> <span class='ocrx_word' id='word_1_320' title='bbox 306 3578 337 3622; x_wconf 91' lang='lat' dir='ltr'><strong>ut</strong></span> <span class='ocrx_word' id='word_1_321' title='bbox 355 3568 489 3623; x_wconf 83' lang='lat' dir='ltr'><strong>deorsum</strong></span> <span class='ocrx_word' id='word_1_322' title='bbox 517 3579 660 3623; x_wconf 80' lang='lat' dir='ltr'><strong>motusue</strong></span> <span class='ocrx_word' id='word_1_323' title='bbox 679 3580 810 3639; x_wconf 79' lang='lat' dir='ltr'><strong>vergant,</strong></span> <span class='ocrx_word' id='word_1_324' title='bbox 836 3587 898 3620; x_wconf 84' lang='lat' dir='ltr'><strong><em>oum</em></strong></span> <span class='ocrx_word' id='word_1_325' title='bbox 918 3569 1029 3619; x_wconf 83' lang='lat' dir='ltr'><strong>interim</strong></span> <span class='ocrx_word' id='word_1_326' title='bbox 1049 3566 1156 3617; x_wconf 87' lang='lat' dir='ltr'><strong>coelum</strong></span> <span class='ocrx_word' id='word_1_327' title='bbox 1175 3566 1206 3619; x_wconf 89' lang='lat' dir='ltr'><strong><em>in</em></strong></span> 
     </span>
     <span class='ocr_line' id='line_1_36' title="bbox 110 3638 1206 3711; baseline -0.002 -20"><span class='ocrx_word' id='word_1_328' title='bbox 110 3640 205 3692; x_wconf 86' lang='lat' dir='ltr'><strong>orbern</strong></span> <span class='ocrx_word' id='word_1_329' title='bbox 224 3641 339 3692; x_wconf 83' lang='lat' dir='ltr'><strong>seretur.</strong></span> <span class='ocrx_word' id='word_1_330' title='bbox 363 3638 397 3691; x_wconf 90' lang='lat' dir='ltr'><strong><em>de</em></strong></span> <span class='ocrx_word' id='word_1_331' title='bbox 418 3658 472 3711; x_wconf 85' lang='lat' dir='ltr'><strong><em>quo</em></strong></span> <span class='ocrx_word' id='word_1_332' title='bbox 492 3642 570 3711; x_wconf 85' lang='lat' dir='ltr'><strong>sequi</strong></span> <span class='ocrx_word' id='word_1_333' title='bbox 587 3657 699 3693; x_wconf 86' lang='lat' dir='ltr'><strong>neeesse</strong></span> <span class='ocrx_word' id='word_1_334' title='bbox 716 3644 753 3693; x_wconf 86' lang='lat' dir='ltr'><strong>sit</strong></span> <span class='ocrx_word' id='word_1_335' title='bbox 769 3651 801 3693; x_wconf 88' lang='lat' dir='ltr'><strong>ut</strong></span> <span class='ocrx_word' id='word_1_336' title='bbox 816 3640 952 3692; x_wconf 82' lang='lat' dir='ltr'><strong>diversum</strong></span> <span class='ocrx_word' id='word_1_337' title='bbox 969 3656 986 3689; x_wconf 85' lang='lat' dir='ltr'>a</span> <span class='ocrx_word' id='word_1_338' title='bbox 999 3646 1128 3707; x_wconf 75' lang='lat' dir='ltr'><strong>quattuor</strong></span> <span class='ocrx_word' id='word_1_339' title='bbox 1147 3638 1206 3689; x_wconf 85' lang='lat' dir='ltr'><strong>ele-</strong></span> 
     </span>
     <span class='ocr_line' id='line_1_37' title="bbox 109 3709 1207 3781; baseline 0 -21"><span class='ocrx_word' id='word_1_340' title='bbox 109 3710 206 3763; x_wconf 84' lang='lat' dir='ltr'><strong>mentis</strong></span> <span class='ocrx_word' id='word_1_341' title='bbox 225 3727 285 3764; x_wconf 82' lang='lat' dir='ltr'><strong>esse</strong></span> <span class='ocrx_word' id='word_1_342' title='bbox 302 3709 435 3781; x_wconf 79' lang='lat' dir='ltr'><strong>quiddam</strong></span> <span class='ocrx_word' id='word_1_343' title='bbox 452 3721 595 3768; x_wconf 75' lang='lat' dir='ltr'><strong>statuatur.</strong></span> <span class='ocrx_word' id='word_1_344' title='bbox 615 3712 682 3765; x_wconf 77' lang='lat' dir='ltr'><strong>hoec</strong></span> <span class='ocrx_word' id='word_1_345' title='bbox 694 3721 759 3765; x_wconf 85' lang='lat' dir='ltr'><strong>suut</strong></span> <span class='ocrx_word' id='word_1_346' title='bbox 773 3712 871 3764; x_wconf 84' lang='lat' dir='ltr'><strong>horum</strong></span> <span class='ocrx_word' id='word_1_347' title='bbox 888 3710 1039 3779; x_wconf 74' lang='lat' dir='ltr'><strong>opiniones.</strong></span> <span class='ocrx_word' id='word_1_348' title='bbox 1053 3727 1102 3761; x_wconf 85' lang='grc' dir='ltr'><strong><em>ποι</em></strong></span> <span class='ocrx_word' id='word_1_349' title='bbox 1114 3718 1207 3763; x_wconf 83' lang='lat' dir='ltr'><strong>autern</strong></span> 
     </span>
     <span class='ocr_line' id='line_1_38' title="bbox 109 3780 1207 3853; baseline 0 -22"><span class='ocrx_word' id='word_1_350' title='bbox 109 3780 180 3833; x_wconf 77' lang='lat' dir='ltr'><strong>facts</strong></span> <span class='ocrx_word' id='word_1_351' title='bbox 197 3782 254 3834; x_wconf 84' lang='lat' dir='ltr'><strong>illis</strong></span> <span class='ocrx_word' id='word_1_352' title='bbox 280 3791 417 3852; x_wconf 80' lang='lat' dir='ltr'><strong>potestate</strong></span> <span class='ocrx_word' id='word_1_353' title='bbox 441 3786 548 3853; x_wconf 80' lang='lat' dir='ltr'><strong>seipsos</strong></span> <span class='ocrx_word' id='word_1_354' title='bbox 570 3783 712 3839; x_wconf 80' lang='lat' dir='ltr'><strong>evertendi</strong></span> <span class='ocrx_word' id='word_1_355' title='bbox 743 3800 775 3835; x_wconf 80' lang='lat' dir='ltr'><strong><em>no</em></strong></span> <span class='ocrx_word' id='word_1_356' title='bbox 790 3781 952 3853; x_wconf 79' lang='lat' dir='ltr'><strong>lapidandi,</strong></span> <span class='ocrx_word' id='word_1_357' title='bbox 970 3781 1040 3833; x_wconf 81' lang='lat' dir='ltr'><strong>Mori</strong></span> <span class='ocrx_word' id='word_1_358' title='bbox 1058 3781 1141 3832; x_wconf 82' lang='lat' dir='ltr'><strong>fidem</strong></span> <span class='ocrx_word' id='word_1_359' title='bbox 1155 3781 1207 3832; x_wconf 82' lang='lat' dir='ltr'><strong><em>hs-</em></strong></span> 
     </span>
     <span class='ocr_line' id='line_1_39' title="bbox 108 3850 1207 3925; baseline 0 -23"><span class='ocrx_word' id='word_1_360' title='bbox 108 3850 229 3916; x_wconf 74' lang='lat' dir='ltr'><strong>beamus,</strong></span> <span class='ocrx_word' id='word_1_361' title='bbox 247 3862 280 3905; x_wconf 90' lang='lat' dir='ltr'><strong>ut</strong></span> <span class='ocrx_word' id='word_1_362' title='bbox 297 3854 345 3923; x_wconf 88' lang='lat' dir='ltr'><strong><em>qui</em></strong></span> <span class='ocrx_word' id='word_1_363' title='bbox 361 3852 442 3906; x_wconf 88' lang='lat' dir='ltr'><strong>rebus</strong></span> <span class='ocrx_word' id='word_1_364' title='bbox 462 3855 529 3925; x_wconf 84' lang='lat' dir='ltr'><strong>ipsis</strong></span> <span class='ocrx_word' id='word_1_365' title='bbox 546 3854 579 3907; x_wconf 81' lang='lat' dir='ltr'><strong><em>ab</em></strong></span> <span class='ocrx_word' id='word_1_366' title='bbox 603 3874 633 3909; x_wconf 85' lang='lat' dir='ltr'><strong><em>se</em></strong></span> <span class='ocrx_word' id='word_1_367' title='bbox 666 3856 796 3925; x_wconf 80' lang='lat' dir='ltr'><strong>erspectis</strong></span> <span class='ocrx_word' id='word_1_368' title='bbox 815 3854 917 3905; x_wconf 82' lang='lat' dir='ltr'><strong>dixerit</strong></span> <span class='ocrx_word' id='word_1_369' title='bbox 933 3853 1032 3917; x_wconf 88' lang='lat' dir='ltr'><strong>„initio</strong></span> <span class='ocrx_word' id='word_1_370' title='bbox 1054 3852 1121 3903; x_wconf 83' lang='lat' dir='ltr'><strong>deus</strong></span> <span class='ocrx_word' id='word_1_371' title='bbox 1141 3868 1207 3902; x_wconf 85' lang='lat' dir='ltr'><strong>cos·</strong></span> 
     </span>
     <span class='ocr_line' id='line_1_40' title="bbox 108 3920 1207 3996; baseline 0.002 -25"><span class='ocrx_word' id='word_1_372' title='bbox 108 3921 166 3975; x_wconf 84' lang='lat' dir='ltr'><strong><em>lum</em></strong></span> <span class='ocrx_word' id='word_1_373' title='bbox 180 3940 212 3975; x_wconf 83' lang='lat' dir='ltr'><strong><em>eo</em></strong></span> <span class='ocrx_word' id='word_1_374' title='bbox 230 3932 330 3977; x_wconf 82' lang='lat' dir='ltr'><strong>terrum</strong></span> <span class='ocrx_word' id='word_1_375' title='bbox 349 3928 475 3980; x_wconf 82' lang='lat' dir='ltr'><strong>creavit.&#39;’</strong></span> <span class='ocrx_word' id='word_1_376' title='bbox 494 3925 618 3996; x_wconf 80' lang='lat' dir='ltr'><strong>adeoque</strong></span> <span class='ocrx_word' id='word_1_377' title='bbox 657 3928 735 3980; x_wconf 85' lang='lat' dir='ltr'><strong>eince</strong></span> <span class='ocrx_word' id='word_1_378' title='bbox 756 3944 768 3977; x_wconf 81' lang='lat' dir='ltr'><strong>s</strong></span> <span class='ocrx_word' id='word_1_379' title='bbox 787 3926 955 3994; x_wconf 78' lang='lat' dir='ltr'><strong>exipsorum</strong></span> <span class='ocrx_word' id='word_1_380' title='bbox 974 3942 1064 3976; x_wconf 86' lang='lat' dir='ltr'><strong>rerum</strong></span> <span class='ocrx_word' id='word_1_381' title='bbox 1085 3922 1137 3975; x_wconf 87' lang='lat' dir='ltr'><strong><em>sub</em></strong></span> <span class='ocrx_word' id='word_1_382' title='bbox 1155 3920 1207 3972; x_wconf 79' lang='lat' dir='ltr'><strong><em>ad-</em></strong></span> 
     </span>
     <span class='ocr_line' id='line_1_41' title="bbox 109 3944 1203 4069; baseline -0.001 -26"><span class='ocrx_word' id='word_1_383' title='bbox 109 4002 230 4063; x_wconf 82' lang='lat' dir='ltr'><strong>spectum</strong></span> <span class='ocrx_word' id='word_1_384' title='bbox 248 3994 406 4049; x_wconf 76' lang='lat' dir='ltr'><strong>cadentium</strong></span> <span class='ocrx_word' id='word_1_385' title='bbox 433 3996 641 4068; x_wconf 85' lang='lat' dir='ltr'><strong>pulchritudine</strong></span> <span class='ocrx_word' id='word_1_386' title='bbox 670 3944 884 4069; x_wconf 66' lang='lat' dir='ltr'><strong>pulcderrimum</strong></span> <span class='ocrx_word' id='word_1_387' title='bbox 904 3996 981 4048; x_wconf 88' lang='lat' dir='ltr'><strong>illum</strong></span> <span class='ocrx_word' id='word_1_388' title='bbox 1003 4012 1091 4047; x_wconf 85' lang='lat' dir='ltr'><strong>rerum</strong></span> <span class='ocrx_word' id='word_1_389' title='bbox 1108 4001 1203 4044; x_wconf 80' lang='lat' dir='ltr'><strong>aucto·</strong></span> 
     </span>
     <span class='ocr_line' id='line_1_42' title="bbox 108 4067 1203 4139; baseline -0.003 -24"><span class='ocrx_word' id='word_1_390' title='bbox 108 4080 163 4117; x_wconf 86' lang='lat' dir='ltr'><strong>rens</strong></span> <span class='ocrx_word' id='word_1_391' title='bbox 181 4067 272 4119; x_wconf 73' lang='lat' dir='ltr'><strong>animo</strong></span> <span class='ocrx_word' id='word_1_392' title='bbox 294 4068 517 4137; x_wconf 79' lang='lat' dir='ltr'><strong>complectamur,</strong></span> <span class='ocrx_word' id='word_1_393' title='bbox 545 4068 657 4137; x_wconf 86' lang='lat' dir='ltr'><strong>perinde</strong></span> <span class='ocrx_word' id='word_1_394' title='bbox 676 4088 708 4121; x_wconf 81' lang='lat' dir='ltr'><strong><em>ac</em></strong></span> <span class='ocrx_word' id='word_1_395' title='bbox 726 4069 761 4121; x_wconf 88' lang='lat' dir='ltr'><strong><em>de</em></strong></span> <span class='ocrx_word' id='word_1_396' title='bbox 777 4068 962 4139; x_wconf 72' lang='lat' dir='ltr'><strong>magnitudine</strong></span> <span class='ocrx_word' id='word_1_397' title='bbox 986 4076 1136 4118; x_wconf 82' lang='lat' dir='ltr'><strong>creatorum</strong></span> <span class='ocrx_word' id='word_1_398' title='bbox 1154 4080 1203 4113; x_wconf 87' lang='lat' dir='ltr'><strong><em>eo·</em></strong></span> 
     </span>
     <span class='ocr_line' id='line_1_43' title="bbox 110 4132 1265 4215; baseline 0 -26"><span class='ocrx_word' id='word_1_399' title='bbox 110 4132 225 4193; x_wconf 83' lang='lat' dir='ltr'><strong>rundens</strong></span> <span class='ocrx_word' id='word_1_400' title='bbox 244 4137 416 4195; x_wconf 84' lang='lat' dir='ltr'><strong>conditorem</strong></span> <span class='ocrx_word' id='word_1_401' title='bbox 445 4141 566 4215; x_wconf 78' lang='lat' dir='ltr'><strong>ipsorum</strong></span> <span class='ocrx_word' id='word_1_402' title='bbox 591 4142 766 4213; x_wconf 81' lang='lat' dir='ltr'><strong>percipimus.</strong></span> <span class='ocrx_word' id='word_1_403' title='bbox 787 4149 815 4195; x_wconf 85' lang='lat' dir='ltr'><strong>et</strong></span> <span class='ocrx_word' id='word_1_404' title='bbox 832 4140 900 4211; x_wconf 85' lang='lat' dir='ltr'><strong>quid</strong></span> <span class='ocrx_word' id='word_1_405' title='bbox 914 4138 1007 4193; x_wconf 83' lang='lat' dir='ltr'><strong>multis</strong></span> <span class='ocrx_word' id='word_1_406' title='bbox 1024 4134 1115 4189; x_wconf 80' lang='lat' dir='ltr'><strong>verbis</strong></span> <span class='ocrx_word' id='word_1_407' title='bbox 1132 4149 1203 4203; x_wconf 74' lang='lat' dir='ltr'><strong>opus</strong></span> <span class='ocrx_word' id='word_1_408' title='bbox 1262 4144 1265 4147; x_wconf 80' lang='grc'><strong><em>’</em></strong></span> 
     </span>
    </p>
   </div>
   <div class='ocr_carea' id='block_1_6' title="bbox 0 0 1377 4617">
    <p class='ocr_par' dir='ltr' id='par_1_8' title="bbox 0 0 1377 4617">
     <span class='ocr_line' id='line_1_44' title="bbox 0 0 1377 4617; baseline 0 0"><span class='ocrx_word' id='word_1_409' title='bbox 0 0 1377 4617; x_wconf 95' lang='lat' dir='ltr'><strong><em> </em></strong></span> 
     </span>
    </p>
   </div>
  </div>
 </body>
</html>
