2742 4617
463 299 674 366 annnnun
703 295 804 364 nans
834 303 859 362 ι.
1123 269 1201 356 125

121 457 216 548 φόσει
235 457 291 522 καί
308 453 343 521 τό
367 450 569 531 αάτεξοόσιον
594 449 718 530 πόντιος
738 453 901 538 ἐμπέφυκε
918 435 1066 535 θέλημα·
1108 452 1155 530 εἷς
1173 451 1208 517 τί

117 559 180 644 γάρ
208 557 270 638 ἕξει
295 552 330 621 τό
354 552 493 636 λογικόν,
523 550 568 637 μή
596 552 806 630 αότεξουσίιος
832 551 1034 636 λογιζομένης
1059 545 1118 633 τὴν
1144 551 1205 632 μὲν

117 656 179 744 γάρ
201 652 341 746 φυσικήν
359 645 461 739 ὄρεξιν
473 653 531 718 καί
547 659 614 727 τοϊς
629 650 756 736 ἀλόγοις
778 647 870 769 ζρόοις
887 648 905 714 ό
925 646 1118 736 δημιουργός
1138 650 1205 716 ἕνέ-

117 777 228 841 σνιειρε
238 805 249 838 ,
285 750 366 839 πρός
384 751 533 818 σόστασιν
550 753 606 836 τῆς
622 753 738 826 oleariae
762 773 889 837 φοσεως
907 741 1047 833 ἄγουσαν
1067 749 1204 836 ηὐαγκοι-

89 860 241 938 5σμέυοος
261 850 355 918 αάτά.
398 849 491 935 λόγου
505 848 567 937 γάρ
588 852 779 936 ἀμοιροῦντα
794 841 831 915 ad
850 849 998 915 δόυανται
1018 843 1112 934 όγειν,
1134 851 1203 914 ἀλλ’
1212 855 1281 910 V.51

116 947 249 1038 ἄγονται
272 949 335 1016 sind
363 954 421 1035 τῆς
440 949 578 1037 φυσικῆς
608 950 757 1032 όρέξεας,
789 943 842 1014 ότι
864 943 931 1032 ἅμα
952 948 972 1034 ἦ
993 940 1095 1036 όρεξις
1113 949 1236 1032 γένη-Ι)

116 1077 189 1136 ται,
212 1054 336 1127 editur
369 1047 425 1118 καί
450 1049 470 1134 ἧ
491 1046 572 1134 πρός
597 1047 655 1134 την
673 1053 789 1136 πρᾶξιν
811 1047 914 1135 ὅρμήι
943 1041 982 1113 οὗ
1000 1046 1061 1133 γόρ
1081 1045 1162 1136 λόγῳ
1182 1037 1205 1131 ἢ

115 1155 219 1240 βουλῇ
248 1143 271 1236 ἢ
300 1150 411 1234 σκέψει
441 1143 584 1234 ἢκρίστι
604 1150 788 1234 κέχρηνται.
838 1142 914 1212 ὅθεν
934 1139 1005 1213 orire
1027 1143 1070 1222 ἀς
1092 1141 1206 1232 ἀρετὴν

116 1248 270 1334 μετιόντα
302 1251 506 1316 ἐπαινοῦνται
544 1249 602 1314 καί
635 1251 881 1333 μακαρίζονται,
911 1239 997 1312 τότε·
1021 1246 1065 1325 ἀς
1094 1248 1207 1312 κακίαν

71 1346 290 1436 ιονιρόττοντα
311 1347 504 1428 κολάζονται.
545 1345 566 1435 ἡ
587 1349 624 1412 dd
642 1344 750 1434 λογικίη
771 1348 868 1464 priora
886 1344 954 1429 ἔχει
975 1350 1034 1428 μὲν
1054 1341 1114 1432 τ’ἦυ
1143 1370 1207 1433 φυ-

115 1445 211 1533 σικόν
232 1439 337 1534 όρεξιυ
358 1445 560 1532 κινουμένην,
579 1444 641 1511 int
671 1448 709 1512 δὲ
729 1469 785 1512 του
807 1447 901 1530 λόγου
923 1445 1078 1530 ἀγομένην
1097 1467 1131 1511 τε
1151 1447 1207 1510 καί

115 1546 366 1632 ῥυθμιζομέυην.
415 1547 473 1612 τοῦ
501 1542 565 1630 γάρ
585 1544 679 1630 λόγου
699 1542 737 1610 τό
758 1545 942 1631 προτέρημα
963 1542 1204 1629 ἧαότεξοόσιός

114 1647 186 1711 ἐστι
216 1650 365 1729 θίλησις,
394 1643 435 1731 ἣν
464 1642 503 1729 δὴ
536 1641 675 1732 φυσικήν
691 1647 726 1710 όν
742 1647 786 1733 τῷ
807 1647 920 1734 λογικῷ
941 1644 1047 1730 φαμὲν
1067 1646 1202 1728 κίυησιυ.

114 1742 169 1808 did
193 1743 250 1811 καί
269 1743 313 1821 αἷς
335 1738 452 1830 ἀρετήν
470 1747 625 1826 μοτιοῦσα
645 1747 820 1811 ἐπαινείτω
833 1742 889 1810 καί
907 1741 1128 1829 μακαρίζεται,
1148 1743 1206 1808 καί

66 1845 160 1922 ιόἀς
180 1847 294 1908 κακίαν
310 1845 463 1928 μετιοῦσα
479 1841 656 1922 κολάζεται.

198 1945 244 2010 Εἰ
269 1944 306 2008 δὲ
334 1945 390 2009 καί
406 1943 494 2009 τοῦτο
517 1943 636 2028 ζητεῖς,
666 1946 751 2020 τιύος
777 1946 878 2009 ἕνεκεν
898 1935 982 2008 αότό
1005 1965 1040 2008 το
1071 1942 1110 2008 τά
1135 1945 1282 2032 dolando

110 2039 169 2107 καί
188 2038 205 2106 ό
224 2035 393 2127 ἅνθρωπος
421 2041 524 2118 πόδας
550 2043 678 2126 ἀρτίους
704 2040 833 2126 ἔχουσι,
867 2045 999 2125 γίνωσκε
1021 2034 1070 2107 ότι
1090 2039 1145 2106 διὰ
1166 2039 1201 2109 τό

109 2140 158 2224 μη
182 2137 326 2216 ἀτάκτοος
348 2135 513 2207 ἅλλεσθαι.
536 2135 618 2206 οότα
638 2139 696 2206 καί
713 2138 775 2227 γάρ
796 2139 929 2224 διάιμὲυ
947 2143 1006 2206 τοῦ
1027 2135 1097 2216 ἑνός
1114 2137 1203 2207 lurci-

111 2263 210 2321 μενος
240 2239 258 2305 ό
290 2233 476 2326 ἄνθρωπος,
509 2235 614 2326 ἀσιτερ
642 2236 738 2306 πόλιν
763 2237 802 2307 τό
832 2242 897 2321 ζῶα
919 2237 972 2306 διὰ
1001 2240 1059 2306 du'a
1079 2243 1203 2326 nodedu,

63 2341 220 2427 τοῆρέμα
241 2336 295 2404 tut
317 2342 382 2405 τόν
403 2334 516 2425 ἑτέραν
536 2341 698 2406 ποιοῦνται
723 2337 778 2426 τὴν
797 2339 936 2424 βάδισιν.

112 2623 179 2674 dam
198 2619 332 2672 arbitratu
360 2628 460 2689 agnat,
487 2621 557 2674 sicut
575 2629 603 2674 et
628 2623 762 2675 iohannes
786 2621 968 2676 Damascenus
991 2624 1091 2689 tradit,
1111 2641 1202 2678 cuma

113 2694 225 2746 ratione
244 2691 446 2755 destituantur,
463 2693 538 2743 cuius
555 2693 701 2764 participes
726 2700 839 2745 naturae
857 2695 1024 2748 voluntatem
1044 2695 1148 2749 habent
1166 2699 1202 2749 li-

111 2765 209 2816 beram
228 2761 396 2814 naturaliter.
415 2777 478 2813 nam
498 2780 562 2826 cur,
580 2763 710 2826 obsecro,
728 2765 754 2814 ui
773 2765 884 2817 rationis
903 2766 1043 2835 praeditae
1062 2767 1160 2834 forent,
1179 2769 1202 2820 si

110 2852 164 2906 pro
180 2832 465 2888 voluntatis.art›itrio
481 2834 588 2884 ratione
606 2853 662 2886 non
679 2834 842 2887 uterentur?
860 2836 964 2904 quippe
983 2838 1133 2890 naturalem
1152 2855 1203 2908 ap.

110 2908 233 2977 petitum
252 2903 346 2974 opifex
364 2920 455 2956 rerum
473 2905 556 2956 etiam
573 2905 662 2958 brutis
679 2904 843 2956 animalibus
864 2906 982 2970 indidit,
1002 2908 1050 2976 qni
1068 2907 1103 2958 ad
1121 2917 1203 2960 ualu-

110 2994 160 3032 rae
175 2992 242 3029 suae
258 2976 491 3026 contemtionem
507 2991 540 3026 ea
556 2977 708 3028 necessario
727 2975 815 3028 ducat.
825 2993 895 3045 quae
907 2979 977 3028 enirn
996 2979 1118 3047 expertia
1138 2988 1203 3032 suat

110 3048 229 3100 rationis
247 3044 346 3096 docere
371 3061 427 3096 non
443 3052 573 3117 possunt,
602 3046 651 3098 sed
675 3045 711 3097 ab
731 3047 848 3098 naturali
868 3049 1038 3116 appetitione
1058 3048 1201 3102 ducuntur.

109 3118 220 3189 qualit
245 3124 279 3168 nt
305 3132 365 3167 cum
391 3117 526 3184 appetitus
556 3117 665 3180 existit,
683 3133 747 3168 mox
766 3125 794 3169 et
811 3119 927 3187 impetus
944 3119 979 3170 ad
992 3121 1124 3188 agendum
1141 3137 1202 3174 cum

109 3206 147 3241 eo
166 3189 330 3242 coniunctus
347 3187 391 3238 rit
409 3201 461 3238 nec
479 3187 552 3238 enim
567 3187 612 3239 vel
630 3187 736 3240 ratione
752 3188 797 3240 vel
814 3189 929 3242 consilio
943 3190 987 3242 vel
1006 3189 1202 3244 consideratio-

107 3277 148 3312 ne
166 3259 213 3311 vel
230 3257 336 3309 iudicio
360 3265 481 3310 utuntur.
506 3274 561 3327 qua
578 3259 638 3328 ipsa
662 3257 697 3311 de
715 3276 793 3311 causa
820 3276 871 3310 nec
890 3268 920 3311 ut
936 3263 1062 3314 virtutem
1083 3263 1201 3316 colentia

108 3330 263 3383 laudantur
280 3335 309 3382 et
324 3325 417 3380 felicia
426 3327 630 3397 praedicantur,
648 3345 701 3382 nec
717 3339 749 3382 ut
767 3329 887 3382 obnoxia
900 3331 974 3383 vitiis
995 3333 1153 3401 puniuntur.
1171 3339 1202 3386 at

107 3409 210 3453 natura
236 3399 372 3470 particeps
397 3399 528 3464 rationis,
556 3398 640 3452 habet
665 3400 714 3452 illa
731 3399 842 3470 quidem
868 3405 1019 3471 appetitum
1035 3404 1200 3466 naturalem,

108 3487 167 3542 qno
187 3469 348 3540 impellitur,
361 3467 411 3520 red
428 3470 475 3542 qui
493 3485 509 3521 a
526 3472 631 3524 ratione
642 3469 752 3524 ducitur
764 3479 881 3539 apteque
895 3471 1024 3539 dirigitur.
1040 3472 1109 3524 nihil
1127 3474 1201 3525 anina

108 3542 181 3594 ratio
209 3540 393 3612 praestantius
421 3539 507 3592 habet
529 3558 609 3612 quam
632 3541 709 3612 quod
736 3541 878 3593 voluntate
905 3541 991 3593 libera
1009 3543 1046 3594 ait
1060 3542 1200 3610 praedita,

107 3613 242 3682 quanin
261 3619 359 3663 naurra
382 3611 496 3664 rationis
515 3613 652 3683 participe
676 3611 825 3664 motionem
851 3611 1002 3664 naturalem
1019 3611 1142 3664 dicimus.
1161 3613 1202 3666 ic-

105 3683 183 3735 circo
201 3683 333 3736 virtutem
350 3682 444 3735 colens
461 3683 588 3738 laudatur
616 3700 649 3736 ac
663 3679 813 3752 probeata
832 3679 960 3746 ducitur,
979 3688 1008 3734 et
1025 3683 1202 3736 consimiliter

103 3752 230 3806 obnoxia
243 3753 319 3806 ritiie
335 3754 457 3823 punitur.

178 3822 289 3894 Quodsi
315 3825 400 3876 etiam
415 3826 485 3877 scire
504 3822 588 3894 cupis
613 3821 788 3894 quamobrem
806 3829 860 3876 tarn
877 3820 1005 3875 animalia
1022 3839 1102 3894 quam
1118 3825 1201 3880 homo

99 3895 168 3966 pari
188 3911 305 3964 numero
322 3894 408 3966 pedes
426 3895 560 3959 habeant,
579 3892 609 3946 id
629 3903 773 3965 propterea
794 3893 895 3946 sactum
912 3895 1084 3962 cognoscito,
1103 3915 1138 3949 na
1157 3899 1202 3949 in-

99 3964 237 4019 ordinate
254 3965 423 4038 confuseque
444 3967 592 4019 exsilireat.
610 3981 673 4018 nam
689 3965 742 4016 hoc
758 3965 838 4016 modo
851 3963 890 4026 lit,
907 3971 939 4016 ut
959 3964 1023 4016 dum
1041 3966 1122 4018 homo
1143 3969 1201 4033 uni,
1247 4012 1248 4016 ,

97 4036 240 4090 mimalia
260 4035 368 4107 reliqua
397 4036 506 4089 duobus
522 4035 640 4105 pedibus
664 4035 809 4099 insistunt,
825 4033 934 4086 interim
953 4052 1003 4106 per
1019 4037 1088 4089 alios
1106 4038 1202 4106 paula-

97 4110 157 4162 tim
175 4109 331 4178 progrersio
350 4107 407 4163 flat.
433 4107 463 4162 ia
479 4107 621 4162 nonnullis
646 4105 822 4171 animalibus,
840 4105 941 4160 dilecte
958 4105 1013 4172 iiii,
1031 4107 1199 4176 cousuetudo

98 4179 139 4232 aa
154 4194 256 4250 reapse
275 4185 380 4233 natura.
434 4229 447 4260 0
