2742 4617
434 230 645 297 munuum
674 229 777 296 raas
808 232 862 333 ir.
1086 204 1175 315 489

90 386 162 459 λιος
191 376 404 465 συμβουλεύει
432 384 594 467 γραφῆναι
625 379 702 449 δυσί
733 378 871 468 χάρταις
904 379 961 449 καί
985 384 1176 473 ἀμφοτέρων

91 482 160 547 τάν
179 484 285 565 μερῶν
304 478 343 545 τά
366 478 521 563 δόγματα,
540 484 595 545 καί
613 486 652 569 τῇ
672 480 806 568 λάρνακι
821 483 876 566 τῆς
900 483 1175 569 μεγαλομάρτνρος

91 580 268 665 Εὔφημιας
296 582 517 665 ἐμβληθῆναι,
546 578 702 645 unianimo
723 585 905 666 δηλωθῆναι
925 582 983 669 τὴν
1010 583 1174 668 disjectus.

92 679 214 759 γίνεται
234 682 355 761 ταῦτα,
382 677 438 745 καί
463 682 577 761 θαῦμα
597 679 776 764 παράδοξον
801 676 840 766 ἦν
859 684 958 749 ἰδεῖν·
1001 680 1089 768 παρά
1113 681 1211 767 γάρλ)

63 774 168 852 5τσάς
201 776 298 853 πόδας
324 779 386 861 Ιτῆς
416 776 508 861 άγίας
533 780 725 862 ἐρριμμένος
757 778 874 865 εδρὲθη
913 781 931 845 δ
958 785 1023 847 τῶν
1059 782 1178 847 άντιδι·

92 873 231 943 κοάντιον
260 877 301 965 τῇ
329 872 464 967 άληθείρ
494 876 636 964 χάρτης,
668 876 685 942 δ
717 880 753 943 δλ
780 882 885 965 ἕτερος
906 880 1001 968 ,παρὰ
1027 884 1067 968 τῇ
1092 882 1180 967 χειρί

93 978 204 1060 αὐτῆς.

173 1072 242 1141 Ἐπί
260 1076 367 1157 μέντοι
391 1072 502 1139 τοάτον
524 1076 581 1141 τοῦ
601 1078 799 1161 Μαρτιανοῦ
810 1078 867 1143 καί
885 1077 1018 1162 Σαμεοδν
1041 1076 1059 1141 ὅ
1079 1080 1179 1161 μέγας

94 1174 192 1258 ἐπέβη
225 1175 283 1239 τοῦ
313 1168 448 1237 στάλαν·
504 1174 712 1259 α’κοινιάνητσς
740 1174 801 1261 γάρ
826 1180 926 1265 μέχρι
949 1180 1068 1243 πολλοῦ
1087 1174 1176 1259 ἔμενε
1184 1182 1217 1235 V.
1226 1182 1279 1251 ²⁰4

47 1272 151 1339 ιοδιά
172 1271 206 1338 τὸ
224 1270 388 1358 καταρχην
408 1272 555 1358 τοιαύτην
577 1276 802 1353 ἐνδείξασθαι·
846 1276 957 1344 πολλοί
972 1272 1036 1363 γάρ
1049 1272 1080 1341 οἶ
1095 1298 1177 1358 μεμ-

94 1372 254 1457 ψίμοιροι.
570 1450 573 1457 Α

180 1468 276 1537 Μετά
306 1473 343 1537 δὲ
373 1471 565 1555 Μαρκιανδν
593 1474 689 1539 Λίοιν
717 1472 851 1559 δμδγας
876 1472 931 1559 ἔτη
952 1470 992 1559 ιη’
1019 1475 1177 1559 κρατήσας

96 1572 227 1659 τελεντηῖ
249 1568 480 1654 δνσεντερικδς·
521 1572 574 1659 ἐφ’
595 1564 635 1636 οὗ
654 1582 784 1658 σημεῖον
803 1574 906 1661 ε’φάνη
927 1575 960 1637 ἐν
973 1575 1016 1662 τῷ
1037 1574 1278 1661 αδρανιβ,Ρ.τ64

96 1672 211 1757 νεφέλη
242 1667 481 1755 σαλπιγγοιιδής
509 1670 564 1735 ε’πί
590 1660 710 1757 ἡμέρας
728 1670 781 1753 μ’,
809 1671 866 1738 καί
889 1672 995 1759 ἔβρεξε
1013 1672 1127 1740 σποδὸν
1146 1677 1180 1739 ἐν

48 1766 450 1851 emmerammenses,
471 1769 635 1855 σπιθαμῆν
664 1768 698 1837 τὸ
722 1772 822 1854 πάχος
842 1770 989 1855 ἔχουσαν.
1028 1778 1083 1838 καί
1101 1774 1180 1836 πάν·

96 1892 148 1943 τες
164 1866 359 1948 ε’λιτάνεοον,
383 1872 522 1951 λέγοντες
539 1862 585 1933 ὅτι
607 1874 667 1953 πῦρ
692 1861 731 1956 ἦν
749 1876 805 1934 καί
822 1873 860 1957 τῇ
883 1874 1105 1959 φιλανθρωπίᾳ
1123 1870 1182 1936 τοῦι

97 1968 177 2031 θεοῦ
195 1970 340 2052 ἐσβέσθη.
390 1966 462 2032 τότε
485 1970 539 2031 καί
568 1966 692 2053 Δανιὴλ
714 1967 731 2034 δ
750 1976 848 2053 μέγας
866 1971 961 2055 ἐπέβη
983 1974 1042 2033 rori
1061 1969 1179 2035 στάλαν

96 2066 131 2131 ἐν
158 2068 201 2154 τῷ
232 2064 384 2157 nudato.
437 2060 506 2131 τότε
542 2070 598 2131 καί
623 2066 642 2152 ’ἦ
675 2072 750 2133 θεία
777 2068 874 2153 ε’σθης
900 2072 956 2156 τῆς
981 2072 1039 2134 τοῦ
1069 2072 1179 2152 κυρίου

97 2164 216 2250 μητρὸς
239 2164 443 2251 α’νεκομίσθη.
487 2157 580 2242 οὗτος
601 2166 619 2229 δ
647 2169 746 2251 μέγας
767 2173 864 2233 Λέων
884 2170 1027 2233 ε’κελεοσε
1047 2167 1103 2243 τ’άς
1123 2193 1179 2230 κο-

47 2262 210 2349 αοριακάς
237 2259 417 2346 ἀπράκτους
444 2257 527 2328 εἶναι
566 2268 621 2330 καί
649 2262 729 2349 μήτε
758 2264 886 2331 ἱππικὸν
914 2272 1074 2333 τελεῖσθαι
1100 2262 1180 2349 μήτε

96 2361 233 2447 μουσικά
264 2362 353 2449 η’χεϊν
383 2354 522 2449 ὄργανα,
545 2361 627 2429 άλλά
655 2352 777 2444 πάντας
795 2374 860 2442 τοῖς
880 2368 980 2441 θείοις
1000 2367 1180 2451 ε’νοισχολεῖ-

171 2548 211 2589 ιο.
229 2532 289 2585 κατ’
301 2496 395 2603 δρχην
411 2531 438 2586 Ρ.
496 2548 535 2587 ιο.
554 2530 586 2596 ιζ’
606 2532 635 2585 F.

98 2684 152 2739 silii
174 2682 265 2747 dedit,
283 2690 314 2735 ut
331 2682 397 2735 siuas
415 2684 442 2737 in
460 2684 563 2757 chartas
583 2685 826 2757 utriusquepartis
844 2685 1180 2756 dogmataperscriberen-

98 2764 143 2809 tur
162 2756 235 2807 etin
251 2771 344 2805 urnam
363 2756 477 2806 eximiae
494 2758 615 2825 martyris
640 2757 805 2826 Euphemiae
824 2758 1037 2821 conficerentur,
1057 2774 1112 2826 quo
1129 2774 1178 2809 ve-

98 2828 162 2879 ritas
179 2824 231 2877 hoc
248 2833 327 2895 pacto
346 2824 515 2877 elucesceret.
546 2826 609 2878 huic
627 2828 741 2879 consilio
758 2845 819 2880 curn
835 2827 1050 2897 obtemperatum
1067 2828 1177 2893 fuisset,

96 2896 249 2967 prodigium
271 2894 408 2965 quoddam
425 2914 523 2948 novum
542 2906 571 2949 et
592 2898 763 2967 inopinatum
783 2906 841 2950 erat
860 2914 985 2950 cernere:
1005 2914 1065 2948 narn
1083 2896 1178 2948 adver-

98 2969 229 3020 sariorum
248 2968 369 3019 veritatis
388 2968 479 3019 charta
499 2969 537 3019 sio
554 2978 660 3037 reperta
678 2976 734 3032 est,
759 2977 790 3020 ut
808 2968 842 3021 ad
860 2978 970 3022 sanetae
985 2969 1109 3035 martyris
1126 2984 1177 3039 pe-

99 3038 145 3092 des
163 3038 268 3089 abiectu
288 3038 402 3102 iaceret,
419 3038 502 3089 altera
519 3055 582 3091 vero
601 3038 636 3090 ad
655 3056 765 3091 manum
784 3039 850 3091 eius.

167 3108 304 3161 Marciano
328 3117 455 3177 regnante
469 3110 586 3176 Symeon
604 3109 653 3160 ille
684 3127 796 3178 magnus
817 3110 969 3163 columnam
986 3106 1135 3161 adscendit.
1153 3108 1177 3161 is

100 3178 181 3249 longo
199 3188 320 3249 tempore
339 3178 409 3231 nihil
427 3180 537 3232 omnino
560 3198 620 3231 oum
640 3178 795 3232 hominibus
812 3181 908 3232 habuit
925 3180 1095 3244 commercii,
1113 3196 1177 3249 pro-

97 3259 191 3321 pterea
209 3248 283 3319 quod
300 3250 433 3302 eiusmodi
453 3268 508 3302 rem
528 3268 623 3303 novam
646 3252 747 3321 primus
767 3252 936 3304 ostendisset.
957 3252 996 3303 sic
1015 3251 1085 3303 enim
1103 3267 1178 3302 com-

98 3328 224 3393 paratum
244 3322 329 3373 estin
347 3321 427 3374 rebus
445 3321 570 3387 humanis
589 3330 620 3373 ut
637 3322 717 3374 multi
735 3323 790 3374 sint
807 3321 1021 3392 reprehensores.
1096 3378 1100 3388 ¹

167 3392 229 3443 Post
255 3392 420 3443 Marcianum
442 3393 496 3444 Leo
516 3410 628 3461 mugnus
647 3393 762 3464 imperio
785 3409 834 3462 per
855 3395 885 3447 18
904 3410 988 3445 annos
1006 3391 1128 3461 potitus,
1145 3406 1178 3442 ex

98 3460 289 3515 intestinorum
316 3463 410 3515 morbo
438 3466 521 3515 vitam
544 3464 624 3515 finiit.
650 3480 682 3515 eo
707 3471 836 3531 regnante
864 3463 1017 3533 prodigium
1044 3462 1074 3514 in
1101 3460 1177 3512 caelo

119 3530 233 3585 noddnm
265 3535 402 3603 apparuit,
433 3536 558 3585 nimirum
576 3532 662 3586 nubes
682 3534 764 3586 tubae
787 3533 949 3596 consimilis,
966 3548 1037 3602 quoe
1053 3540 1125 3583 totos
1143 3534 1178 3601 ρο

120 3604 156 3655 'es
184 3602 297 3655 duravit.
330 3604 424 3657 itidem
448 3604 526 3675 cpoli
553 3606 642 3656 cinere
669 3605 758 3675 pluit,
795 3606 870 3656 cuius
897 3604 1029 3655 crassities
1060 3604 1178 3670 palnnun

99 3673 241 3743 aequabat.
259 3675 354 3725 iccirco
372 3676 551 3745 supplicatum
571 3674 604 3727 nb
617 3675 751 3739 omnibus,
769 3674 844 3746 qood
861 3674 982 3727 dicerent
1000 3674 1086 3742 ignem
1105 3672 1179 3725 hono

100 3744 200 3807 fuisse,
217 3762 308 3797 verum
328 3746 494 3815 benignitate
513 3746 602 3798 divina
619 3747 767 3799 extinctum
790 3762 856 3800 esse.
874 3754 940 3798 tunc
959 3752 987 3796 et
1002 3761 1111 3812 magnus
1129 3743 1178 3795 ilie

99 3814 229 3867 Danielus
257 3817 408 3868 columnam
437 3818 466 3869 in
485 3819 589 3886 Anaplo
615 3817 786 3881 conscendit,
812 3826 841 3868 et
864 3816 957 3868 matris
982 3814 1084 3867 domini
1104 3830 1178 3865 sacra

99 3886 183 3937 vestis
203 3886 307 3953 Cpolim
326 3896 367 3939 est
382 3886 471 3941 allata.
508 3886 563 3940 Leo
580 3904 689 3957 magnus
707 3888 797 3940 edicto
815 3887 885 3939 cavit
900 3902 934 3939 ne
953 3884 1018 3957 qnid
1036 3885 1179 3937 dominicis

101 3954 195 4007 diebus
214 3957 302 4025 operis
325 3958 414 4023 iieret,
442 3974 510 4011 neve
529 3958 587 4011 iudi
606 3960 741 4011 circenses
762 3966 968 4029 peragerentur,
993 3975 1060 4009 nevo
1077 3956 1179 4007 musica

101 4028 278 4079 instrumenta
306 4038 475 4095 resonarent,
506 4029 553 4081 sed
583 4046 674 4081 onmes
706 4030 784 4081 rebus
809 4028 909 4080 (livinis
939 4027 1061 4097 occupati
1080 4035 1179 4081 esseut.

101 4098 247 4151 Romanuin
274 4098 414 4171 imperium
431 4100 460 4153 id
486 4101 615 4173 temporis
632 4118 740 4173 prorsus
767 4100 914 4155 extinctum
934 4108 962 4153 et
978 4098 1109 4153 abolitum
1129 4105 1199 4159 eet,
