2742 4617
438 296 668 371 ‘auuearurr
698 307 800 372 raas
829 312 884 371 ru.
1107 283 1193 396 389

110 475 168 520 τοο
188 453 318 536 α’στέρος
337 453 377 516 ού
392 457 512 539 μικράς
533 451 809 544 ἀμφιβάλλειςτῇ
830 457 994 548 παραδόξῳ
1012 481 1048 525 τε
1066 460 1196 544 ιτινὴσει,

110 557 152 641 τῇ
162 552 282 635 στάσει,
294 558 334 643 τῇ
347 555 521 642 άποκρυβῇ,
531 556 569 641 τῇ
586 558 643 640 άφ’
655 554 761 636 ύψοσς
777 556 1018 640 σογιιοταβάσει,
1034 558 1089 626 κατ’
1099 559 1198 646 πᾶσιν

110 654 219 728 sinivit
240 663 307 729 τοῖς
323 649 490 728 τοιούτοις.
531 653 612 719 ettad
627 654 673 739 μὴ
695 658 750 720 ἐπὶ
767 657 861 721 πλέον
881 657 1082 741 ύμφιβαλλε·
1120 657 1198 726 otti

110 751 172 836 γάρ
197 750 215 816 ὁ
238 756 376 828 τοιοῦτος
395 752 498 836 άστὴρ
522 747 567 830 εἶς
589 751 742 837 ἐτύγχανε
763 757 824 820 soie
842 757 983 840 πολλάν,
1004 755 1061 832 aiis
1084 754 1100 823 ά
1121 755 1199 834 θεάς

83 854 207 939 ὁὲν-,τῷ
225 847 423 935 οτερεοάματι
446 857 513 916 κατ’
534 849 639 935 α’ρχάς
659 850 761 929 ἔθετο,
784 851 867 918 α’λλά
885 854 1018 935 δύναμίς
1035 879 1083 932 τις
1098 853 1200 940 άύρα-

113 973 166 1026 τος
186 943 242 1034 ἢν,
262 953 308 1027 εἰς
326 947 444 1035 ταύτην
462 955 800 1036 μετασχηματισθεῖσα
822 949 881 1036 την
903 944 996 1036 ὄψιν,
1017 955 1061 1030 τάς
1080 955 1098 1018 d
1117 979 1201 1038 χρυ·

113 1047 283 1136 σορρὴμοιν
310 1049 459 1136 Ἰωάννης
486 1051 592 1136 φησιν.
634 1048 700 1116 ἔδει
719 1055 779 1136 γάρ
800 1054 855 1118 κατ’
872 1052 926 1116 ἐπὶ
944 1053 1113 1142 παραδόξῳ
1133 1077 1200 1120 τοι..

114 1150 195 1238 αύτη
215 1147 358 1234 γεννάσει
382 1148 439 1213 sni
464 1150 643 1233 παράδοξον
670 1151 791 1233 α’στέρα
818 1153 965 1234 γενέσθαι
983 1151 1123 1237 μηνυτὴν
1144 1157 1201 1220 κατ’

114 1248 324 1333 προάγγελον,
352 1243 396 1323 oie
427 1248 446 1312 ύ
473 1247 639 1324 θειότατός
669 1274 749 1336 φησι
770 1247 953 1333 Κύριλλος·
1009 1255 1039 1318 εἰ
1067 1251 1111 1336 με)
1137 1251 1297 1338 γάρΡ.οιο

67 1351 208 1416 τοτούτο
236 1341 295 1430 ἧν,
325 1348 383 1412 ούν
402 1342 442 1414 άν
471 1351 526 1414 ἐπιΙ
552 1355 703 1414 τοσοῦτον
727 1348 874 1435 ἔφαινεν,
903 1349 960 1414 oriar
983 1345 1024 1418 άν
1042 1355 1077 1418 ἐν
1100 1353 1202 1442 ἡμέρα

115 1452 198 1536 μέση
214 1446 273 1524 τάς
291 1438 425 1532 ἡλιακὰς
454 1450 580 1524 αἰιτῖνας
607 1448 860 1533 ύπερηκάντιζτν.
909 1452 940 1516 αι’
958 1448 1004 1535 μὴ
1024 1453 1119 1517 τούτο
1140 1443 1200 1536 ἢν,
1258 1474 1263 1484 ’

22 1577 27 1582 ·
115 1549 172 1612 ούιι
192 1539 233 1612 άν
255 1545 362 1615 ἔπεισε
386 1546 460 1623 τούς
479 1545 618 1629 Μάγους
648 1552 767 1612 ἐκεῖθεν
786 1551 957 1636 ἐγερθῆναι
977 1553 1033 1615 ναι·
1049 1549 1203 1636 τοσαύτην

115 1644 192 1711 ridde
210 1651 416 1731 στειλασθαι,
444 1647 502 1712 mlx
537 1641 577 1712 άν
600 1642 683 1713 oden
704 1650 903 1728 θαυμασίοις
923 1649 968 1726 εἷς
990 1648 1202 1734 Ἰεροσόλυμα

114 1739 248 1829 ἤγαγεν,
271 1747 330 1810 osis
351 1741 445 1825 άνέξ
469 1742 578 1828 ύψοος
605 1746 809 1831 συγκαταβὰς
837 1745 942 1814 ἐπάνω
961 1753 1021 1814 τού
1037 1753 1202 1832 τεχθέντος

65 1844 191 1931 τ5ἔστη
208 1849 358 1926 παιδίον,
389 1847 446 1912 oris
473 1842 514 1911 άν
537 1839 674 1932 άφαντος
701 1845 782 1929 μετά
802 1849 903 1913 ταῦτα
922 1849 1051 1931 ἐγένετο.
1093 1846 1201 1930 ἐπειδὴ
1313 1869 1319 1876 ·

115 1944 177 2030 γάρ
199 1943 403 2032 ὁδηγούμενοι
422 1949 498 2030 παρ’
522 1948 625 2012 αύτού
652 1944 910 2031 προσεληλύθασι
932 1949 978 2037 τῷ
998 1949 1130 2034 Χριστῷ
1149 1946 1205 2013 κατ’

114 2048 157 2130 τῇ
175 2047 244 2109 κατ’
267 2044 365 2109 αύτὸν
383 2039 524 2111 άπλανεῖ
541 2046 646 2112 αι’στει
666 2043 813 2128 γεγόνασι
830 2043 973 2128 κάτοχοι,
992 2047 1204 2132 χοιραγοιγιάς

114 2143 219 2210 odedu
240 2142 388 2236 τοιαύτης
418 2142 555 2212 ἐδέοντο.
605 2142 697 2211 ἔνθεν
715 2168 765 2211 τοι
785 2145 841 2212 soi
860 2149 925 2212 κατ’
947 2139 1025 2231 ὄναρ
1044 2169 1201 2230 χρηματι·

116 2247 245 2320 aetnae
267 2246 309 2308 δι’
328 2238 425 2329 άλλης
439 2240 519 2309 troo·
537 2241 745 2331 α’νεχύρησαν
766 2247 813 2322 εἰς
832 2243 890 2328 τὴν
909 2244 1019 2328 χώραν
1039 2240 1156 2314 orieris.
1209 2257 1229 2310 tt

65 2363 107 2406 so
198 2343 292 2427 Πρὸς
311 2343 433 2420 τούτοις
446 2346 494 2426 δέ,
515 2346 663 2429 α’γαπητύ,
682 2341 742 2431 τήν
760 2347 818 2410 τού
837 2346 872 2410 ἐν
884 2347 1067 2433 Βοολγαρίρ
1089 2337 1199 2427 άρχιε-

114 2441 272 2509 πισνόποα
293 2441 437 2527 ἔξὴγησιν
454 2446 515 2509 ’ἐπὶ
545 2446 647 2526 pinno
673 2442 845 2527 παράγτις,
866 2445 1051 2527 petractem
1073 2444 1199 2524 ύιεσχο,

115 2544 189 2630 ριζη
203 2541 249 2628 μη
267 2545 302 2610 dr
321 2542 410 2628 αύτῷ
423 2544 468 2631 τῷ
488 2545 629 2631 σπηλαίῳ
653 2545 721 2610 α’λλ·
742 2545 776 2610 ύν
796 2545 879 2631 σι’κάηι
897 2545 1044 2629 γενέσθαι
1062 2541 1127 2608 τινά
1144 2541 1200 2626 τήν

115 2849 172 2886 non
190 2849 284 2903 parurn
302 2832 456 2901 ambigere,
480 2831 675 2903 quaelubet
697 2833 776 2886 stella
803 2831 999 2886 considerando
1026 2833 1155 2898 veniunt;
1171 2839 1200 2886 et

115 2905 247 2972 imprimis
267 2903 392 2956 admirari
412 2912 515 2955 motum
531 2920 631 2955 novum
665 2899 890 2968 aelamitarum,
913 2904 1133 2966 institutionem,
1152 2919 1200 2954 oe-

114 2975 310 3037 cultatiooem‚
328 2975 362 3026 de
382 2974 490 3028 sublimi
507 2973 681 3039 descensum,
699 2976 753 3026 alis
774 2991 808 3026 ue
826 2977 899 3027 talia.
918 2991 1011 3026 rerum
1029 2973 1097 3026 haee
1113 2973 1200 3026 nolim

115 3047 169 3097 tibi
186 3046 300 3097 nimium
318 3047 420 3112 negotii
438 3047 577 3096 facessere.
595 3061 652 3096 non
672 3047 744 3096 enim
755 2993 830 3097 ium
847 3045 927 3098 stella
944 3045 978 3096 de
998 3046 1107 3096 illorum
1125 3041 1200 3096 side-

116 3133 176 3168 rum
196 3133 307 3168 numero
326 3117 393 3178 fuir,
419 3133 490 3184 queo
510 3115 590 3166 initio
609 3132 697 3166 renim
716 3116 782 3168 deus
801 3117 830 3166 in
847 3117 1015 3168 firmamento
1036 3115 1199 3178 collocavit,

115 3187 166 3238 sed
182 3196 303 3256 potestas
331 3185 464 3256 quaedam
492 3184 726 3254 inadspectabilis,
754 3188 784 3238 ln
801 3186 956 3238 huiusmodi
974 3187 1091 3256 speeiem
1110 3193 1200 3238 trans-

117 3257 245 3319 formata,
264 3257 491 3326 quemadmodum
513 3256 646 3308 lohannes
669 3257 874 3323 chrysostomus
897 3257 943 3308 eit.
965 3256 1108 3326 oportebat
1126 3253 1199 3306 enim

115 3329 146 3380 iu
164 3329 306 3380 nativitate
326 3328 479 3380 admirabili
497 3335 527 3380 et
544 3327 673 3380 inusitata
692 3329 773 3379 etiam
792 3328 900 3381 stellam
916 3345 1013 3380 novam
1033 3345 1065 3379 ae
1083 3327 1200 3379 inusita-

114 3409 172 3451 ssm
191 3400 277 3463 oriri,
295 3415 365 3468 quae
384 3397 467 3450 index
484 3406 556 3450 esset
573 3414 604 3449 ae
620 3400 800 3466 praenuntia,
821 3400 901 3454 sicuti
920 3398 1027 3449 divinus
1046 3397 1094 3450 ille
1112 3397 1201 3464 Cyril-

116 3469 160 3522 ius
177 3470 306 3538 loquitor.
323 3487 384 3520 nam
405 3468 508 3538 absquo
532 3467 582 3520 illo
601 3467 687 3531 soret,
715 3485 771 3520 non
790 3477 896 3522 tantam
915 3469 982 3520 lucis
1000 3477 1028 3520 et
1045 3467 1200 3538 splendoris

114 3539 271 3604 habuisset,
296 3555 353 3591 non
369 3539 460 3590 medio
480 3539 525 3590 die
543 3538 632 3590 radios
656 3537 757 3592 solares
777 3545 944 3608 superasset,
961 3557 1016 3592 nou
1034 3538 1119 3608 Magis
1137 3555 1200 3610 per-

114 3611 246 3663 suasisset
268 3618 298 3662 ut
315 3627 330 3662 e
347 3611 435 3679 patria
465 3609 581 3680 proiecti
607 3617 712 3661 tanturn
735 3609 841 3662 itineris
866 3609 1050 3677 susciperent,
1079 3627 1134 3664 non
1152 3625 1200 3660 eos

113 3681 196 3733 modo
216 3689 270 3733 um
288 3679 443 3732 admirabili
462 3678 635 3750 perduxisset
648 3679 877 3746 Hierosolymam,
897 3697 953 3732 non
973 3696 1006 3731 ex
1026 3680 1082 3734 alto
1101 3696 1131 3732 ιε
1149 3678 1200 3730 de-

113 3753 226 3805 mittens
250 3769 329 3822 supra
358 3759 450 3803 netum
478 3751 609 3802 infantem
639 3751 821 3812 constitisset.
845 3765 900 3802 non
926 3750 1053 3819 deinreps
1080 3751 1201 3820 conspici

115 3822 250 3876 desiisset
273 3831 448 3894 posteaquem
474 3823 547 3873 enirn
574 3822 608 3874 ab
626 3823 758 3876 traducti
784 3819 818 3876 ad
836 3820 971 3872 Christum
989 3830 1155 3874 asseuerant
1171 3830 1201 3874 et

113 3910 179 3946 vera
196 3893 275 3945 illum
299 3893 353 3943 fide
378 3892 496 3962 amplexi
521 3893 645 3955 fuerant,
670 3908 727 3944 oon
747 3893 799 3946 iam
822 3891 937 3960 amplius
955 3892 1088 3944 eiusmodi
1106 3908 1201 3944 manu-

115 3964 254 4016 ductionis
278 3963 406 4031 egobanar
430 3963 547 4032 ideoque
572 3961 682 4016 oraculo
705 3978 755 4034 per
780 3963 901 4032 quietem
923 3961 1057 4016 admoniti
1088 3963 1141 4016 alia
1156 3962 1201 4015 sia

115 4051 191 4088 snam
209 4035 238 4086 in
255 4035 371 4103 patriam
389 4042 455 4086 sunt
470 4033 578 4085 reversi.
837 4039 840 4057 ¹

186 4105 316 4157 Fortassis
341 4112 450 4167 autem,
482 4103 583 4156 dilecte
601 4104 657 4165 titt,
686 4102 828 4172 Balgatiae
845 4103 984 4172 pontilicis
1003 4103 1203 4156 enarrationem

113 4178 148 4231 in
166 4176 287 4230 modium
303 4177 436 4247 prolatam
457 4175 537 4230 aubis
554 4190 689 4246 oppones,
709 4183 737 4228 et
755 4190 788 4230 es
817 4173 995 4244 reprobabis
1013 4193 1070 4230 non
1086 4175 1115 4228 ln
1139 4189 1201 4244 sps-
