2742 4617
205 229 287 333 ssi
450 270 454 278 ·
528 253 747 322 uscstslstts
776 251 938 320 emese

198 411 293 496 δῆλον
323 410 360 478 lx
387 409 446 475 rot
462 413 530 475 κατ’
548 403 631 486 εἶδος
642 409 780 477 ,ἕκαστον
803 410 882 488 ζῶον
903 404 1020 489 ὁμοίως
1039 393 1145 476 ταῦτα
1161 415 1278 491 παισίν,

118 499 253 581 notrici
268 504 316 593 μη
339 506 540 577 διαλλάττειν
559 511 667 575 criseis
686 509 723 584 ἐνι
738 511 784 596 τῷ
803 505 919 592 πλήθει
940 501 999 582 τάς
1023 507 1199 594 ἐνεργείας,
1221 503 1280 574 ull-

195 605 237 672 λά
255 609 313 672 καί
330 604 410 673 κατά
429 613 509 691 μίαν
525 605 629 695 ipsuis
648 601 721 672 ὅλον
743 603 777 672 τὸ
794 601 878 682 είίος
898 607 1077 671 κινεῖσθαι·
1132 609 1195 684 usic
1215 606 1279 693 γάρ

195 705 317 792 λαγωὸς
332 705 449 790 δμοίως
470 707 672 792 τεχνάζεται,
693 704 749 770 καί
770 705 831 782 σάς
850 701 941 781 liuor
961 701 1079 788 ὁμοίως
1098 715 1279 792 ιιανοοργιτ,

194 810 253 872 ναί
279 810 342 884 usic
363 805 496 891 πίθηκος
521 803 638 889 ὁμοίιος
665 811 818 888 μιμεῖται.
869 799 945 889 ὅπερ
968 803 1025 870 cdx
1044 801 1130 872 ἔστιν
1150 806 1200 870 s'rr'
1221 807 1306 876 τίν-5

194 904 355 989 θράπων·
400 904 515 991 μορίαι
541 904 603 992 γάρ
633 907 696 971 ταῖν
724 903 933 991 desperatur
962 900 1107 990 πράξεων
1139 901 1175 970 αἱ
1195 902 1277 970 dder'.

194 1004 366 1090 ἐλεύθερον
384 1004 446 1091 γάρ
478 1029 512 1068 τι
535 1008 591 1070 καί
612 1001 818 1084 αὐτεξούσιον
847 1001 882 1070 τά
903 1001 1041 1086 λογικόν,
1063 997 1137 1070 ὅθεν
1154 998 1216 1088 οὔχ
1246 1005 1282 1070 ἓν

195 1103 252 1168 καί
269 1101 305 1168 τά
342 1101 421 1168 αὐτὸ
441 1107 537 1170 νιιῖσιν
557 1101 648 1189 ἔργον
676 1101 881 1188 desipuimus,
909 1097 953 1177 οἷς
980 1097 1100 1192 ἑκάστῳ
1119 1100 1198 1168 εἴδει
1217 1107 1282 1170 τῶν

166 1195 318 1287 Βάλὸγων
338 1203 439 1284 ζώων.
491 1203 588 1289 φύσει
608 1201 670 1288 γάρ
695 1201 775 1290 μόνη
795 1202 898 1269 ταῦτα
921 1209 1069 1285 κινεῖται,
1090 1200 1130 1268 τά
1159 1205 1196 1268 ts
1217 1201 1282 1290 φά-

193 1323 247 1368 σει
265 1297 434 1384 κινούμενα
454 1297 571 1384 ὁμοίως
585 1299 674 1388 παρά
695 1303 793 1368 πᾶσιν
812 1303 908 1366 ἐστίν·
949 1298 1037 1366 uidi
1056 1302 1181 1386 λογικαί
1199 1299 1282 1388 πρά·
1294 1331 1329 1372 ro

195 1403 259 1478 ξεις
280 1393 376 1466 ἄλλοι
394 1409 469 1487 παρ’
501 1393 624 1482 ἄλλοις,
652 1399 710 1466 καί
726 1401 784 1464 stix
806 1400 840 1478 ἒξ
859 1395 997 1485 άνάγνης
1016 1399 1053 1465 αὶ
1071 1399 1172 1467 adrat
1191 1399 1280 1487 παρά

194 1501 287 1566 πᾶσι.
335 1497 370 1566 τίν
389 1500 498 1582 μέντοι
528 1497 687 1584 πρόβατον
716 1499 770 1564 διά
802 1501 894 1564 τοῦτο
917 1501 1041 1586 λέγεται
1061 1499 1117 1565 καί
1132 1497 1220 1586 nupti
1240 1505 1282 1588 τῇ

194 1602 301 1686 γραφῇ
323 1591 455 1680 ἄκακον,
490 1593 539 1665 du
558 1597 685 1666 σάνεσιν
706 1597 792 1665 ἰδίαν
811 1598 868 1664 σάν
885 1595 953 1681 ἔχει
973 1593 1056 1664 ὥστε
1076 1596 1177 1682 νομάς
1194 1597 1280 1684 salpi-

701 1721 716 1774 ς
746 1695 763 1763 ὃ
793 1701 966 1780 ποιμαίνων
986 1691 1082 1764 οὖτά.
1124 1694 1225 1764 πολλά
1245 1698 1281 1764 di

192 1798 256 1861 ταῖν
277 1793 366 1877 ζάων
384 1795 441 1862 καί
458 1801 612 1876 συνέσεως
629 1799 837 1884 μ’νθρωιιίνης
860 1793 952 1881 ἐγγύς
972 1798 1051 1863 ἐστι.
1074 1799 1129 1862 ναί
1147 1790 1208 1881 ὅρα
1227 1796 1281 1862 riv
1293 1805 1329 1868 15

194 1905 347 1980 χερσαῖον
372 1899 479 1979 ἐχῖνον
506 1893 565 1962 deis
595 1895 870 1976 κατασκευάζοντα
897 1897 952 1961 snt
979 1896 1184 1982 respersos
1204 1895 1281 1961 α’να-

168 1992 313 2078 ῦνινοάς,
328 1995 404 2081 πρός
423 2019 456 2062 τε
474 1995 528 2063 τάν
548 1997 638 2064 νότον
659 1991 939 2084 o’essppurrotious¹
950 1997 1006 2060 καί
1022 1991 1079 2061 τὸν
1097 1995 1230 2081 βορρᾶν.
1251 1992 1280 2060 si
1343 2011 1349 2022 ·

197 2095 255 2158 ναί
271 2099 397 2184 φυσικῷ
416 2095 497 2185 λόγῳ
527 2093 606 2182 πρὸς
625 2093 666 2161 τά
693 2097 825 2162 τοιαῦτα
846 2095 909 2160 τῶν
925 2090 1047 2177 α’λόγων
1065 2097 1138 2178 γένη
1160 2093 1280 2178 κεκίνη-

196 2215 264 2257 ται.
315 2193 473 2280 οὐδὲγάρ
503 2189 695 2272 αάτεξοάσια
717 2191 756 2258 τά
779 2195 865 2274 cois,
884 2189 968 2257 καθά
992 2193 1031 2280 δὴ
1053 2193 1108 2257 καί
1127 2189 1144 2257 o‘
1166 2193 1281 2274 Δαμα-

196 2287 311 2377 σκηνός
339 2289 485 2378 Ἰωάννης
504 2293 626 2380 φησίν,
651 2287 700 2358 ὅτι
721 2293 803 2379 μηδὲ
824 2289 943 2376 λογικά.
987 2293 1095 2380 λογικῇ
1111 2289 1172 2378 γάρ
1193 2292 1328 2380 stupu,

270 2500 310 2554 ιη.
328 2481 575 2558 ιίντινιρατταὺσατ
592 2485 620 2540 P.

196 2675 246 2714 nes
267 2661 296 2714 in
314 2659 401 2716 brutis
421 2680 437 2715 s
452 2673 564 2730 natura,
579 2682 636 2718 oen
654 2665 759 2720 ratione
775 2665 927 2737 proficisci,
943 2667 988 2722 rel
1005 2665 1071 2721 inde
1086 2673 1182 2739 patet,
1202 2665 1277 2736 quod

196 2731 347 2802 specierum
364 2737 516 2804 qumumvis
534 2738 660 2790 animalia
678 2738 855 2790 consimiliter
874 2739 942 2791 hoec
960 2739 1068 2804 faciant
1086 2755 1137 2791 nec
1155 2737 1278 2790 intanta

196 2819 290 2855 eorum
310 2803 486 2858 multitudine
507 2809 695 2877 operationum
716 2809 752 2861 sit
770 2808 920 2862 diversitas.
943 2809 1038 2863 eodem
1055 2808 1136 2860 modo
1153 2809 1278 2860 nimirum

197 2881 226 2926 et
236 2874 362 2928 instituto
379 2877 483 2945 species
494 2880 617 2930 universa
634 2888 763 2932 movetur.
780 2879 900 2934 sollertia
915 2881 1021 2950 lepores
1039 2896 1132 2932 omnes
1145 2877 1279 2932 consimili

195 2952 323 3011 utuntur,
342 2946 464 3018 itemque
488 2949 548 3018 lupi
573 2950 708 3001 consimili
734 2951 859 3014 vafritie,
885 2951 1018 3003 consimili
1050 2951 1171 3020 denique
1196 2947 1278 3000 modo

195 3016 315 3085 quilibet
330 3019 425 3070 simius
452 3020 552 3072 imitari
577 3021 661 3087 solet,
689 3019 717 3072 id
734 3019 810 3091 quod
827 3023 856 3073 in
873 3021 1027 3074 hominibus
1044 3021 1134 3074 locum
1152 3037 1207 3073 non
1229 3019 1279 3070 ha-

195 3083 251 3139 bet.
276 3096 339 3141 sunt
362 3089 435 3141 enim
457 3090 632 3143 humanarum
656 3093 794 3144 actionum
819 3092 936 3145 rationes
955 3100 1037 3160 etque
1055 3093 1116 3144 vise
1133 3107 1279 3160 propemo-

195 3155 261 3209 dum
273 3159 411 3212 'infinitae
429 3163 532 3232 quippe
551 3162 663 3214 rationis
679 3162 815 3234 particeps
834 3172 930 3216 ustura
949 3163 1143 3232 liberssulque
1161 3161 1228 3212 iuris
1249 3168 1280 3211 et

198 3231 304 3296 spontis
323 3238 371 3282 est
388 3247 443 3300 quo
460 3233 492 3285 fit
508 3241 539 3284 ut
555 3232 677 3286 homines
696 3234 814 3286 universi
832 3234 926 3286 eodem
941 3249 1021 3302 opere
1040 3250 1095 3284 nou
1113 3239 1280 3298 occupentur

196 3312 249 3350 nec
266 3298 340 3352 idem
358 3310 455 3369 agant,
474 3303 699 3371 quemadmodum
715 3305 744 3355 in
763 3305 876 3374 singulis
897 3303 1035 3356 brutorum
1052 3299 1196 3374 speciebus
1212 3315 1280 3352 ussa-

196 3369 290 3422 venire
306 3370 438 3423 ridemus.
451 3372 577 3425 nimirum
596 3374 664 3426 hoec
679 3391 696 3426 a
711 3375 771 3428 sola
783 3385 879 3428 nature
897 3381 1048 3428 moventurs
1068 3387 1138 3442 quae
1158 3378 1248 3420 autem
1261 3387 1278 3421 a

157 3475 160 3480 -
196 3447 295 3491 natura
310 3451 460 3506 moventur,
474 3444 624 3497 consimilia
638 3453 702 3498 sunt
713 3445 786 3516 apud
802 3463 901 3498 omnes.
916 3463 932 3498 e
946 3444 1050 3497 diverso
1061 3459 1157 3512 quasa
1171 3441 1278 3491 ratione
1363 3503 1364 3518 ρ

196 3510 403 3578 proficiscuntur
422 3515 558 3578 actiones,
572 3516 644 3569 alise
660 3525 725 3570 sunt
734 3516 807 3586 apud
830 3516 914 3580 alios,
928 3531 1017 3586 neque
1040 3513 1189 3566 necessario
1203 3511 1278 3580 upud

197 3595 292 3634 omnes
308 3584 427 3636 eaedem.
447 3585 505 3636 ovis
519 3587 615 3637 iccirco
629 3589 710 3639 sacris
724 3587 805 3639 etiam
821 3587 850 3640 in
865 3586 963 3639 litteris
976 3602 1059 3655 pecus
1070 3583 1185 3654 simplex
1195 3583 1278 3633 mini-

183 3652 295 3718 ‘meque
306 3653 450 3707 subdolum
459 3653 565 3720 dicitur,
577 3656 652 3727 quod
661 3657 831 3728 prudentiam
842 3655 976 3727 quendum
987 3656 1150 3726 peculiarem
1162 3671 1218 3703 non
1229 3653 1279 3704 lra-

196 3715 270 3782 beat,
286 3725 363 3776 euius
377 3725 539 3778 adminiculo
552 3729 670 3796 reperire
682 3737 789 3799 pastum
800 3735 949 3798 potumque
962 3728 1056 3798 possit,
1075 3727 1098 3778 si
1111 3725 1217 3780 nullum
1228 3723 1279 3774 lsa-

197 3784 318 3858 beutqui
325 3809 385 3846 eam
394 3798 505 3866 saginet
514 3799 663 3850 rursusalia
671 3798 801 3868 quaedem
812 3798 938 3850 animalia
945 3815 1000 3850 non
1007 3813 1093 3867 pauca
1100 3812 1186 3866 prope
1195 3795 1277 3846 etium

196 3855 314 3910 humana
333 3864 432 3931 absupt
449 3866 631 3937 aprudentia.
651 3887 707 3939 quo
720 3871 748 3920 in
766 3884 863 3937 genere
879 3869 945 3922 mihi
962 3873 1115 3920 terrestrem
1136 3865 1278 3927 echinum,

196 3943 279 3998 quem
290 3932 441 3987 erinaceum
453 3939 577 4002 dicimus,
589 3941 719 3992 fenestras
731 3937 874 3992 hauriendi
886 3941 954 3992 atris
967 3955 1047 3990 causa
1058 3940 1112 3990 suis
1124 3939 1152 3988 in
1167 3935 1278 3988 latebris
1361 3941 1362 3956 ³

195 3998 317 4068 geminas
328 4005 483 4058 molientem
500 4009 547 4061 sris
567 4011 616 4073 ice,
634 4009 746 4080 quaium
764 4011 848 4062 alteru
866 4009 978 4076 boreae,
995 4009 1078 4060 austri
1097 4008 1182 4060 alters
1199 4007 1278 4057 ssatus
1361 3971 1362 4061 l

196 4068 336 4134 obstruat,
362 4077 470 4126 tametsi
496 4079 531 4129 ed
576 4081 711 4132 uiusmodi
735 4080 961 4144 machinationes,
983 4088 1015 4132 ut
1042 4088 1145 4132 caetera
1168 4092 1279 4146 quoque
1360 4125 1361 4134 ,

197 4139 326 4194 animalia
342 4139 439 4205 bruta,
456 4147 516 4197 sole
535 4157 647 4202 naturae
665 4151 750 4204 ductu
766 4151 875 4206 seratur.
890 4167 943 4205 uec
961 4151 1034 4205 enim
1050 4149 1130 4202 bruta
1147 4163 1196 4201 suo
1206 4163 1280 4216 que·
