2742 4617
208 210 285 296 182
534 237 751 302 incusans
780 237 943 304 curcua

198 390 357 474 ἔπασχεες
371 387 410 454 'st
427 387 488 474 γὰρ
509 387 658 474 ἔπασχεν,
681 391 738 456 καί
757 391 876 476 θνητῆς
897 383 935 456 ἄν
953 390 986 468 ἐξ
1005 379 1138 474 όνόγκης
1159 391 1286 478 φύσεως

197 483 239 574 ἦν
259 493 315 554 καί
333 491 492 574 φθαρτῆς.
512 489 580 554 ἀλλ’
594 486 678 574 ἡμᾶς
702 486 787 556 σύτο)
809 497 937 575 φρονεῖν
957 489 1013 554 tut
1029 486 1153 564 τούτοις
1171 487 1288 554 κωλύει

196 592 257 671 μὲν
277 583 369 653 καίό
401 590 466 654 τῶν
485 590 728 675 διαληφθέντων
752 585 852 672 ἁγίων
868 587 980 674 χορός,
1000 589 1113 654 κωλύει
1137 592 1173 654 δὲ
1194 591 1288 654 πλέον
1364 647 1365 650 ,

194 692 254 764 ,καί
277 683 352 774 siis
380 691 578 776 Καρθαγένῃ
609 690 752 753 συστᾶσα
772 689 903 764 σύνοδος
933 689 967 752 ἐν
986 681 1145 776 ἑκατοστῷ
1168 683 1286 774 incitor

196 784 305 852 κανόνι
342 785 443 870 αὐτῆς
469 783 555 852 oriem
574 789 711 870 λέγουσα
739 785 794 870 „ti'
809 811 855 865 τις
871 789 954 872 λέγει
973 785 1026 852 τὸν
1047 785 1152 868 Ἀδὰμ
1171 787 1315 872 θνητόνὸ

196 886 376 970 πλασθῆναι
395 884 484 970 παρὰ
504 890 586 951 θεοῦ
612 889 669 952 καί
691 883 735 972 μὴ
757 885 836 970 μετὰ
858 885 915 972 τὴν
934 884 1096 970 ἁμαρτίαν
1115 888 1220 952 ἐλθεῖν
1239 888 1286 963 εἰς

196 982 344 1072 φθοράν,
377 977 443 1070 ἤια
472 982 648 1066 ύνόθεμα.”
702 987 802 1074 ταύτῃ
826 1009 875 1051 τοι
895 987 950 1052 καί
971 981 1127 1070 παράγειν
1145 988 1286 1050 ἐνταῦθα

162 1083 253 1154 θεὸν
270 1082 421 1170 θεολόγον
448 1089 480 1151 Γ
477 1083 627 1170 ρηγόριον
648 1085 707 1151 oda
728 1086 883 1171 εύσρειιὲς
902 1085 979 1169 ἡμῖν
1002 1085 1078 1152 ου’ύὲ
1101 1077 1188 1150 όσιον
1209 1081 1285 1170 ἥγη-

195 1209 260 1250 ται.
308 1187 340 1250 εἰ
357 1182 417 1270 γὰρ
439 1187 497 1249 καί
514 1187 616 1266 λέγειν
646 1180 731 1250 ἔοικε
750 1181 806 1250 τόν
827 1184 880 1250 ἄνι’
900 1186 1005 1276 α’ρχῇς
1026 1178 1195 1269 ἄνθρωπον
1214 1185 1285 1250 tut.

195 1307 283 1368 γειον
313 1278 394 1350 εἶναι
425 1281 462 1350 τό
485 1285 579 1364 σῶμα
609 1283 665 1351 κατ’
683 1283 832 1368 ου’ρύνιον
853 1283 912 1368 τὴν
944 1282 1072 1368 ψυχήν,
1094 1284 1334 1367 eudaemonem

198 1383 317 1466 ὁμοίως
345 1388 401 1448 καί
420 1384 599 1465 α’ἃόνοτον,
630 1378 747 1468 όρατὸν
770 1381 826 1446 καὶ
854 1385 1046 1464 νοούμενον,
1075 1383 1172 1464 μέσον
1192 1386 1285 1466 μεγέ-

195 1490 276 1560 θους
295 1488 351 1548 καί
368 1479 594 1566 ταπεινότητος,
619 1483 745 1563 πνεῦμα
767 1483 822 1548 καί
840 1479 945 1568 σάρκα
969 1480 1027 1547 τόν
1047 1479 1153 1562 αύτόν,
1173 1479 1207 1546 τό
1226 1485 1286 1563 μὲν

193 1585 247 1649 ivo
267 1585 346 1670 με’νρ
376 1581 431 1646 καὶ
452 1581 567 1668 δοξύζῃ
604 1579 662 1648 τόν
694 1582 882 1666 εὐεργέτην,
912 1577 947 1646 τὸ
967 1583 1011 1666 ,δὲ
1033 1581 1084 1646 ἵνα
1105 1580 1210 1669 πάσχῃ
1231 1585 1287 1646 καί

192 1685 325 1766 νιύσχυν
358 1681 634 1766 ύιιομιμνὴσκηται
666 1684 724 1746 κατ’
743 1677 933 1766 ιιοιιιλεύιγται
951 1681 993 1769 τῷ
1009 1683 1140 1764 μεγέθει
1163 1686 1286 1766 melnes»

108 1791 113 1802 '
192 1779 366 1865 μούμενος,
392 1781 463 1845 ἀλλ’
493 1780 556 1863 ούχ
576 1775 660 1846 odam
693 1783 782 1844 δοκεῖ
807 1784 882 1864 περὶ
901 1780 1015 1846 τούτου
1037 1785 1092 1844 καί
1112 1780 1212 1865 ἡμῖν,
1234 1775 1334 1846 desti

192 1883 277 1967 μηδὲ
295 1878 332 1946 τύ
352 1885 426 1946 θεῖα
455 1884 557 1946 ταῦτα
579 1878 663 1966 ῥητοὶ
685 1881 744 1945 τού
774 1882 901 1966 πρώτου
922 1881 1020 1966 χάριν
1040 1879 1212 1964 ύνθριύιιου
1234 1886 1285 1945 λε-

142 2017 160 2038 1
193 1985 310 2064 λέχθαι
343 1983 521 2063 νομιζομεν.
570 1981 639 2057 πῶς
657 1978 739 2064 γύρ,
775 1979 839 2063 εἴγε
869 1983 924 2045 καί
952 1983 1073 2062 μᾶλλον
1104 1979 1286 2044 αὐτοῦτοῦ

194 2077 345 2163 θεολόγου
382 2084 526 2162 λέγοντος
560 2080 704 2162 α’λλαχοῦ
740 2078 820 2144 κατὰ
858 2083 942 2156 λέξιν
972 2075 1073 2154 οότως
1105 2077 1286 2163 ἠκούσαμεν

117 2177 289 2268 p‚96„insi
311 2180 347 2245 di
368 2179 479 2268 φθόνιρ
499 2181 555 2244 τού
575 2176 724 2261 διαβόλου
746 2177 884 2254 θάνατος
905 2181 950 2256 εἰς
968 2173 1021 2258 riv
1041 2174 1158 2260 κόσμον
1178 2182 1285 2264 sicii.

267 2449 470 2535 mfflmk

195 2645 338 2684 concessae
355 2646 405 2702 per
422 2631 534 2701 gratiam
552 2630 763 2686 immortalitatis
782 2631 893 2684 minime
910 2631 994 2684 fuerit
1010 2646 1114 2702 expers.
1133 2647 1188 2702 quo
1208 2633 1284 2702 posi·
1364 2651 1365 2662 ι

195 2712 224 2755 to
242 2702 290 2772 qui
312 2703 371 2773 pati
393 2701 439 2754 vei
465 2701 546 2754 adiici
557 2703 669 2772 potuit?
696 2721 759 2755 nam
783 2704 805 2755 si
832 2720 924 2772 passus
944 2709 1002 2766 est,
1031 2704 1114 2754 etiam
1130 2705 1284 2756 necessario

194 2782 319 2825 naturam
340 2773 482 2826 mortalem
508 2791 540 2826 ac
557 2773 682 2826 interitui
711 2775 856 2826 obnoxiam
875 2773 1002 2826 habebut
1022 2775 1157 2826 enimvero
1178 2791 1213 2826 ne
1231 2773 1284 2826 hac

194 2845 224 2896 in
238 2852 315 2914 parte
332 2845 371 2896 sic
389 2846 556 2910 sentiamus,
574 2861 631 2896 non
648 2843 730 2896 modo
749 2853 902 2898 sanctorum
921 2844 1061 2896 hominum
1078 2862 1094 2894 a
1110 2844 1189 2897 nobis
1209 2845 1284 2896 indi·
1364 2905 1365 2910 η

194 2925 316 2968 catorum
335 2923 427 2968 coetus
445 2923 533 2980 vetat,
553 2914 696 2968 sedetiam
714 2917 831 2983 synodus
850 2917 897 2966 illa
914 2933 983 2986 qune
1002 2915 1163 2984 Cartbagiga
1183 2931 1284 2968 conve-

194 2987 245 3039 nit.
267 2988 326 3038 eius
348 2987 421 3041 enim
437 2985 505 3042 baec
522 2985 604 3040 verba
624 2994 700 3050 sunt,
720 3005 822 3039 canone
840 2985 910 3040 Clli:
931 2985 1048 3054 „siquis
1067 2976 1135 3038 dicit
1152 2985 1284 3041 Adnmum

194 3076 211 3110 a
231 3056 283 3108 deo
301 3056 440 3108 conditum
457 3072 516 3110 esse
532 3057 675 3115 mortalem
701 3073 733 3110 ac
753 3075 809 3110 non
826 3065 888 3127 post
904 3065 1046 3126 peccatum
1086 3057 1221 3126 relapsum
1240 3075 1285 3112 es-

194 3129 262 3180 sein
277 3128 425 3192 interitum,
443 3127 617 3180 exsecrabilia
636 3129 721 3180 esto.''
740 3145 794 3198 quo
811 3129 842 3180 lit
859 3135 891 3180 ut
908 3128 1019 3178 minime
1033 3075 1099 3178 andri
1118 3127 1162 3178 vel
1173 3117 1286 3183 ‘conve-

193 3199 254 3251 nire
270 3199 314 3250 vel
332 3199 407 3268 pium
425 3214 483 3251 esse
501 3199 625 3252 rideatur
641 3198 678 3252 ad
693 3197 897 3262 convellendam
915 3198 984 3250 hanc
996 3197 1158 3258 sententiam
1177 3195 1286 3266 Grego.

194 3267 1287 3342 fflffifflfflmmmfflwewmmmmmwssmwm-

193 3340 296 3392 minem
326 3341 405 3393 illum
431 3341 582 3411 principem
608 3341 692 3394 fuisse
706 3349 842 3394 terrenum
860 3357 991 3410 corpore,
1011 3340 1156 3392 coelestem
1173 3339 1285 3404 animo,

195 3411 327 3465 caducum
343 3413 444 3482 pariter
461 3420 490 3465 et
506 3412 701 3476 immortalem,
719 3410 931 3482 adspectabilem
945 3419 978 3468 ,et
994 3410 1204 3474 intellectilem,
1222 3429 1285 3464 rue-

195 3481 272 3536 dium
290 3485 363 3536 inter
375 3482 587 3552 magnitudinem
604 3482 831 3546 etbumilitatem,
850 3482 967 3536 eundem
986 3489 1040 3540 tam
1058 3481 1181 3550 spiritum
1200 3497 1285 3550 quana

194 3572 311 3619 carnem,
335 3555 460 3623 spiritum
478 3564 591 3624 propter
606 3557 736 3623 gratiam,
757 3571 863 3607 carnem
884 3551 920 3604 ob
940 3551 1109 3622 superbiam,
1129 3551 1201 3612 illud
1219 3553 1285 3622 qui-

194 3623 257 3677 dem
274 3634 306 3677 ut
321 3634 430 3678 maneat
445 3641 578 3694 suumque
595 3625 796 3678 benefactorem
814 3624 943 3688 celebret,
961 3623 1014 3676 hoc
1029 3641 1093 3676 vero
1112 3631 1143 3674 ut
1161 3624 1286 3692 patiatur

192 3710 225 3746 ac
248 3697 356 3764 patiens
384 3697 573 3748 commonebat
603 3705 769 3766 propterque
796 3695 1011 3764 magnitudinem
1034 3701 1192 3762 arroganter
1227 3695 1284 3748 sibi

191 3765 303 3834 placens
320 3768 465 3837 castigetur
492 3783 523 3818 ac
540 3765 694 3830 erudiatur,
721 3784 777 3818 uon
797 3777 887 3818 tamen
904 3758 944 3818 ita'
962 3783 1011 3817 nos
1030 3764 1204 3818 statuendum
1223 3781 1285 3817 ease

192 3851 350 3900 censemus,
368 3837 478 3908 quaudo
497 3835 589 3890 divina
606 3839 691 3890 istaec
709 3836 790 3890 verbu
808 3853 979 3958 negluaquam
996 3833 1100 3894 debere,
1113 3835 1229 3904 primum
1248 3834 1286 3887 ad

192 3903 331 3957 bominem
350 3909 443 3960 rsierri
469 3910 660 3962 existimamus.
689 3909 735 3978 qui
755 3909 828 3960 enim
871 3925 902 3960 oc
926 3907 1072 3960 iaciamus?
1094 3923 1155 3958 cum
1173 3906 1286 3958 theolo-

191 3992 254 4046 gum
271 3975 360 4044 ipsum
377 3977 443 4028 alibi
463 3979 603 4032 audiamus
622 3977 787 4033 adverbum
804 3979 842 4032 ita
862 3977 1021 4048 loquentem
1040 3975 1286 4048 „quandoquidem

192 4045 229 4098 ob
248 4044 377 4097 invidiam
406 4046 513 4100 diaboli
539 4067 610 4104 mors
635 4052 756 4120 ingressa
782 4060 824 4104 est
843 4050 975 4104 mundum
1003 4049 1194 4118 hominemque
1215 4047 1284 4100 dolo

192 4115 415 4186 drcamscripsit,
441 4119 540 4174 iccirco
563 4120 631 4176 deus
647 4121 730 4176 homo
755 4119 841 4177 iactus
866 4123 992 4197 passione
1011 4128 1104 4174 nostra
1121 4126 1234 4176 reantur
1253 4126 1284 4171 et
