2742 4617
447 290 676 357 munuum
705 290 807 357 neus
835 295 861 355 1.
1140 270 1196 381 λη

116 442 290 507 ιιαντεῦδιν
316 438 375 515 τύς
409 436 540 525 ήλιαιιύς
568 444 695 519 αἰιτῖνας
722 438 997 531 αἰιοστρεφούσης,
1034 438 1115 509 miro>
1144 447 1202 510 ιιαί

113 540 135 624 ri
167 538 318 622 ἐκκλησία
342 543 580 623 μεσολαβούσης
610 543 663 626 τῆς
689 541 848 626 ἁμαρτίας
882 540 1010 619 σκύτους
1043 546 1201 624 ε’μιιύτλα-

112 666 169 705 ται
189 642 259 704 κατ’
286 637 489 723 αἰιοστροφήν
507 638 632 715 πάντας
652 643 713 705 τοῦ
730 644 846 725 νοητοῦ
864 639 965 726 ήλύου.
1018 646 1119 718 καλοῖς
1141 634 1200 707 σύν

111 738 200 822 ἔλεγε
225 736 282 802 καὶ
298 736 316 801 ri
334 735 490 821 μακάριος
510 741 644 814 Παῦλος
673 739 799 822 „mim
821 739 868 815 εἷς
886 740 1028 826 Χριστὸν
1048 739 1199 825 προτετύ-

82 842 254 913 5ιιοοται.”
297 831 346 900 δτι
368 838 403 901 δὲ
426 836 446 920 ἦ
467 838 582 921 σελήνη
603 831 684 923 αὕτη
703 843 760 923 τής
780 840 944 923 ἐκκλησίας
963 838 1067 906 εἰκόνα
1087 845 1196 927 φέρει,

109 931 305 1013 ὥσαύτοοςύ
335 934 487 1021 αἰσθητός
522 927 615 1011 οὗτος
637 934 726 1020 ήλιος
757 940 813 1002 τοῦ
832 940 945 1021 νοητοῦ
964 938 1072 1022 ἡλίου,
1096 942 1198 1005 αύτοῦ

109 1033 233 1121 δηλαδή
262 1038 322 1099 τοῦ
340 1038 507 1120 Χριστοῦ,
536 1037 592 1100 τοῦ
612 1036 777 1123 προφήτου
797 1033 958 1118 Ἀβακούμ
977 1030 1074 1101 (itone
1091 1041 1230 1123 Myon-l)

107 1160 161 1211 τος
180 1135 327 1220 ,,εάήρθη
349 1131 365 1197 δ
390 1132 493 1219 ἥλιος,
514 1132 607 1220 καίή
627 1133 741 1219 σελήνη
763 1133 835 1219 ἔστη
854 1136 888 1199 ἐν
906 1139 945 1222 τῇ
963 1133 1052 1214 τύξει
1068 1139 1199 1223 αύεής.”

108 1233 191 1299 κατὰ
226 1234 289 1319 γύρ
317 1233 374 1300 τδν
404 1231 443 1300 τύ
473 1236 605 1299 τοιαῦτα
633 1233 838 1319 ἐξηγούμενον
866 1233 967 1317 μέγαν
995 1234 1198 1324 Κύριλλονή

66 1336 258 1419 ιοέκιιλησύα
293 1332 446 1419 πρότερον
475 1336 509 1399 ἐν
530 1334 643 1421 ιῖταξιζι
672 1329 841 1417 ἐτύγχανεν
860 1329 917 1399 ὅτε
937 1344 1004 1411 τοϊς
1024 1338 1199 1418 δαιμονίοις

107 1434 328 1517 λατρεύουσα,
349 1430 482 1518 ύστερον
503 1435 540 1499 δὲ
559 1436 615 1498 τοῦ
636 1436 749 1517 νοητοῦ
771 1432 861 1517 ήλίου
884 1437 1077 1518 ἐπαρθέντος
1097 1438 1132 1502 ἐν
1151 1440 1197 1525 τῷ

106 1538 237 1621 σταυρῷ
265 1534 299 1598 ἐν
319 1535 444 1623 εύταξιζι
461 1534 567 1615 γέγονε
596 1529 676 1616 ιιρδς
696 1528 790 1597 αύτὸν
810 1534 1041 1620 intermortua
1063 1531 1115 1601 τὸν
1136 1532 1194 1601 κύ·

106 1655 187 1713 ριον.
230 1632 285 1697 καί
310 1635 399 1697 τοῦτο
425 1628 600 1716 δεδήλωκεν
627 1624 722 1707 odric
752 1628 771 1695 δ
794 1629 938 1716 Χριστὸς
966 1627 1067 1709 adcor
1096 1630 1194 1699 εύιιούν

104 1726 205 1809 „irai
224 1728 369 1811 ύψιοθῦ,
387 1730 457 1795 τότε
476 1727 596 1806 ιιύντας
616 1724 738 1795 ἑλκύσω
759 1727 838 1814 ιιρὸς
857 1727 1030 1811 donorio?

61 1840 98 1901 15
188 1834 219 1895 Γ
218 1831 330 1895 ι’νωσκε
352 1829 388 1894 δέ
399 1877 408 1912 ,
431 1830 591 1914 δγαιιητέ,
623 1824 672 1895 ὅτι
692 1828 748 1895 καὶ
766 1828 820 1894 διὰ
840 1830 942 1895 ταῦτα
961 1833 1022 1912 μὲν
1040 1832 1193 1897 ἐκλείπειν

105 1928 122 1993 δ
149 1924 242 2013 ἥλιος
276 1926 331 1993 καὶ
363 1925 515 2013 ήσελήνη
538 1925 795 2014 συγκεχώρηται,
826 1932 866 1995 ού
892 1934 1041 1997 τοσοῦτον
1061 1932 1098 1996 δὲ
1118 1926 1193 1996 δ’σον

106 2029 164 2111 τήν
184 2033 250 2094 τιῦν
278 2027 537 2112 προσκυνούντων
566 2028 650 2094 αύτά
672 2031 891 2112 διελέγχεσθαι
914 2024 1040 2112 ἄνοιαν,
1060 2033 1194 2095 κοτ’ντεῦ·

105 2134 163 2191 θεν
191 2125 405 2191 παιδεύεσθαι
432 2120 482 2192 δἐι
514 2124 630 2214 rorarii
651 2128 752 2193 ταῦτα
780 2125 836 2193 καί
854 2122 1032 2195 οἷλλοισοτύν.
1071 2131 1136 2195 noir
1156 2130 1266 2203 dim

103 2226 239 2313 τριττύν
261 2226 300 2289 ου’
320 2225 408 2301 θεός.
846 2222 854 2233 '

56 2354 96 2393 no
191 2323 262 2389 Καὶ
280 2328 413 2390 τοιαῦτα
445 2330 505 2407 μὲν
538 2323 569 2390 oi
600 2328 729 2412 α’στέρες
756 2328 791 2391 εἰι
808 2328 870 2392 νῦν
889 2329 925 2393 ὃν
944 2330 1053 2406 adroic
1071 2353 1190 2411 συμπι-

103 2423 248 2489 πτόντων
265 2424 450 2489 διδάσκουσι
479 2424 552 2501 τούς
572 2424 664 2509 λόγου
678 2428 877 2509 μετέχοντας.
919 2426 999 2494 κατὰ
1021 2430 1116 2493 τοῦτο
1136 2428 1192 2494 κατ’

103 2524 121 2587 δ
145 2521 280 2607 θεύιιτης
299 2522 382 2607 ἔλεγε
404 2528 527 2610 Μωσῆς
546 2529 624 2607 „noi
640 2522 729 2591 ἔθετο
748 2528 850 2592 ταῦτα
871 2529 917 2603 εἰς
935 2534 1051 2613 σημεῖα
1070 2531 1126 2593 καί
1144 2532 1190 2603 εἰς

103 2620 239 2709 καιρούς
259 2621 311 2687 καί
331 2622 451 2710 ἡμέρας
469 2623 526 2690 καί
545 2626 589 2702 εἰς
612 2624 803 2704 tiramus·
844 2624 900 2692 διδ
920 2624 982 2715 γὰρ
1003 2620 1110 2693 αύτῦν
1123 2650 1189 2693 τοι·

102 2900 253 2953 involvitur
269 2906 379 2967 propter
397 2897 561 2948 aversionem
579 2898 642 2949 eolis
660 2899 920 2954 illiueintellectilir.
937 2898 1034 2953 iccirco
1050 2900 1186 2970 praeclare
1227 2928 1231 2947 ·

102 2972 207 3024 dictum
221 2969 326 3021 oPoulo
345 2974 369 3037 (ι
382 2968 441 3021 Cor.
455 2984 484 3018 ιο
501 2970 541 3036 ιι)
552 2966 650 3021 Christi
660 2971 756 3039 figurae
772 2973 861 3023 omnio
873 2980 1081 3042 reprneeentnre.
1094 2972 1186 3024 lunom

62 3070 67 3079 ·
102 3042 214 3112 quidem
236 3042 363 3092 eeclesiae
386 3038 484 3090 referre
503 3038 653 3106 imaginem,
670 3051 699 3093 et
715 3042 891 3094 consimiliter
907 3044 990 3095 rotem
1008 3042 1080 3093 hunc
1099 3042 1186 3093 eenei-

102 3112 156 3165 lem
177 3114 242 3165 solie
256 3114 330 3165 illiue
350 3109 517 3163 intellectilis
530 3112 578 3179 qni
597 3110 715 3165 Christus
739 3121 788 3176 est,
806 3112 841 3165 de
865 3114 931 3165 vatio
948 3113 1077 3165 Abaeumi
1093 3114 1123 3184 (3
1144 3116 1185 3181 ιι)

100 3184 191 3236 verbio
208 3185 343 3252 intelligor
361 3182 435 3244 licet,
448 3182 495 3252 qui
508 3182 548 3234 ait
564 3182 623 3243 „eol
641 3183 760 3234 elevatur
778 3192 830 3247 eet,
850 3192 878 3236 et
893 3184 958 3236 luna
970 3184 1048 3236 stetit
1063 3184 1092 3234 in
1110 3181 1185 3234 ordi-

101 3272 137 3308 ne
159 3256 275 3326 locoque
293 3256 367 3307 euo.¹'
386 3270 447 3305 nom
468 3252 596 3315 ecclesia,
614 3253 837 3322 quemadmodum
859 3255 991 3323 interpres
1010 3253 1106 3305 horum
1124 3269 1185 3305 ver·

100 3325 197 3378 borum
215 3342 326 3396 magnus
347 3325 394 3377 ille
405 3323 519 3391 Cyrillus
537 3324 564 3373 in
586 3322 635 3385 uit,
653 3326 725 3394 prius
744 3333 801 3376 ernt
817 3324 1034 3387 inconfusione,
1052 3339 1112 3374 oum
1127 3340 1185 3375 ma·

100 3396 141 3447 los
160 3398 253 3465 genior
270 3398 380 3451 coleret.
398 3412 488 3448 verum
500 3394 547 3445 ubi
566 3340 694 3464 deinceps
710 3396 878 3447 intellectilie
900 3396 948 3447 illo
972 3394 1015 3445 ool
1031 3395 1060 3445 in
1080 3410 1184 3445 erucem

101 3468 221 3520 elevetur
241 3476 295 3531 eet,
314 3486 391 3519 ouum
411 3468 440 3519 in
458 3464 580 3517 ordinem
601 3465 700 3527 rediit,
730 3465 766 3517 od
786 3466 925 3519 dominum
945 3479 1079 3516 converte
1099 3464 1122 3515 ri
1158 3464 1184 3515 i-

101 3538 181 3606 ficere
197 3539 285 3591 voluit
302 3538 354 3590 hoe
373 3540 430 3607 ipro
449 3536 570 3589 Christus
587 3536 653 3601 (Ιαλι,
671 3553 699 3587 ιτ
717 3538 776 3607 32),
795 3555 856 3590 cum
873 3536 977 3589 diceret
992 3550 1073 3599 ,μασι
1089 3552 1121 3587 ιιι
1142 3534 1183 3587 le-

101 3616 142 3660 tnr
161 3611 253 3669 luero.
273 3618 336 3661 tunc
354 3626 446 3662 omnes
464 3606 498 3659 ad
516 3624 558 3659 nne
579 3606 705 3659 trohom.”

169 3682 203 3731 Et
220 3680 444 3743 animadvertito,
463 3678 633 3741 dilectoni,
652 3684 778 3730 nontam
800 3685 943 3748 propterea
960 3692 1030 3746 quoe
1048 3676 1181 3740 diximne,
1265 3724 1268 3732 .

100 3753 256 3817 permittere
285 3751 366 3801 deum
386 3758 416 3803 ut
445 3750 485 3801 rol
507 3758 589 3820 utque
610 3750 674 3801 luna
693 3747 836 3813 deficient,
861 3764 941 3817 quam
958 3755 990 3798 nt
1007 3745 1074 3797 liaeo
1093 3747 1183 3800 nidera

100 3821 223 3888 religiose
245 3822 383 3873 colentum
401 3822 545 3873 amentiam
562 3828 701 3889 coarguat,
726 3828 754 3870 et
769 3836 818 3871 noe
838 3816 945 3871 emdiat
968 3824 999 3869 nt
1016 3834 1073 3869 eree
1092 3820 1182 3871 omnia

98 3892 295 3944 mutationibue
313 3893 431 3947 obnoxio
442 3892 561 3943 sciamus.
580 3888 711 3962 quioquid
724 3897 813 3942 eutem
827 3888 1023 3941 mutationibus
1034 3887 1182 3941 obnoxium

99 3971 151 4025 eet,
168 3978 268 4014 numen
287 3980 345 4014 esee
363 3963 465 4033 nequit.

168 4032 329 4085 Huiusmodi
360 4034 491 4105 quaedam
516 4050 564 4101 per
593 4048 714 4101 eaquae
737 4029 869 4083 sideribus
891 4030 1034 4094 occidunt,
1056 4029 1181 4081 hominen

96 4103 212 4155 rationis
240 4114 376 4173 compotes
401 4104 538 4157 docentur.
557 4104 652 4165 iccirco
677 4112 813 4172 spectator
829 4103 877 4153 ille
897 4101 941 4153 dei
959 4102 1048 4153 Moser
1066 4100 1147 4169 (Gen.
1168 4112 1177 4147 ι

101 4174 143 4244 ιή)
163 4176 256 4247 inquit
273 4176 433 4239 „constituit
452 4192 483 4227 ea
500 4176 529 4228 in
546 4174 621 4243 rigna
638 4182 772 4245 temporo,
790 4172 863 4240 dieo,
881 4174 990 4227 onnoel'
1008 4177 1090 4239 prout
1108 4166 1182 4217 enim
