2742 4617
197 220 246 303 52
491 234 738 309 'sircuaurss
769 240 931 305 carcia

194 400 227 461 τί
245 418 341 481 φησιν
375 392 391 459 ὁ
413 395 511 475 μέγας
528 394 695 465 Βασίλειος
716 394 749 455 έν
770 396 813 476 τῷ
832 392 907 472 περί
925 382 1104 472 φωστηροον
1126 388 1202 473 ἕκτῳ
1221 382 1282 449 λό-

194 518 238 583 γῳ
262 496 375 559 αιέτοῦ.
424 492 481 577 την
509 492 569 575 γὰρ
592 488 816 573 ἀστρολογικὴν
844 491 956 571 τέχνην
978 488 1033 551 έπί
1050 490 1149 567 μέσον
1170 483 1282 563 παριέ-

196 620 282 677 γιον,
304 593 358 657 καί
379 586 459 672 ὅπως
482 590 548 673 ἔχει
572 590 713 671 μεθόέοο
734 584 960 667 κατεξετιέζων,
981 581 1064 649 οὕτω
1085 585 1166 651 sossi
1184 585 1281 667 ῥῆμα

197 696 351 771 διέξεισιν.
394 696 449 773 ,,ε“ν
470 690 508 773 tq*
532 688 655 765 τούτοις
673 698 737 763 τοῖς
764 696 924 769 λογισμοῖς
944 682 1023 749 πολι)
1045 686 1104 763 μὲν
1121 680 1157 747 τέ
1180 680 1282 766 α’νόη-

196 816 265 873 τον,
287 788 516 855 πολλαπλάσιον
538 792 572 853 tt
593 786 629 851 τὸ
651 784 773 867 ἀσεβές.
815 784 896 859 τίνος
920 783 1036 863 ἕνεκεν,
1058 778 1108 846 ὅτι
1131 778 1162 846 οἱ
1183 786 1313 851 κατα-5

197 888 282 954 ποιοί
305 894 366 955 τῶν
399 891 538 971 ἀστέρων
567 891 620 971 τῆς
639 886 746 951 αὐτῶν
779 887 931 967 πονηρίας
954 880 1008 947 έπέ
1027 878 1082 946 τόν
1101 877 1282 964 ποιήσαντα

199 988 316 1064 adroic
337 988 394 1070 την
417 990 519 1051 αἰτίαν
542 987 777 1078 μετατιθέσσιν.
797 981 905 1048 ἔπειτα
923 983 953 1046 εἰ
972 984 1027 1045 κατ’
1044 984 1106 1045 τοῖν
1125 981 1200 1061 περί
1223 1002 1283 1041 κα-

172 1092 270 1153 Εκίαν
290 1090 344 1152 καί
372 1082 484 1171 riparia
514 1082 731 1169 ἐνεργημάτων
751 1082 808 1147 oriar
839 1085 875 1147 ἐκ
894 1084 953 1145 ισῦ
978 1083 1032 1165 ἐφ’
1052 1079 1127 1164 ἡμῖν
1146 1075 1226 1142 εἰσίν
1245 1074 1284 1141 αἱ

202 1190 303 1269 ἀρχαί
323 1188 393 1251 αλλ’
413 1188 446 1249 ἐκ
467 1188 521 1267 τῆς
541 1186 687 1268 γενέσεως
709 1181 744 1247 αἱ
766 1180 915 1266 ἀνάγκαι,
935 1182 1078 1264 περιττοί
1096 1180 1157 1259 μέν
1177 1174 1206 1242 σέ
1228 1198 1282 1240 νο-

200 1289 334 1367 μοθέται
367 1283 406 1347 τὰ
438 1289 577 1365 πρακτέα
607 1282 682 1365 ἡμῖν
702 1283 758 1345 καί
778 1280 818 1345 τὰ
841 1283 980 1367 φευκτέα
1000 1280 1208 1362 διορίζοντες,
1225 1297 1335 1343 sva-ao

202 1383 300 1469 ριττοί
319 1386 353 1448 δέ
381 1382 409 1446 οἱ
434 1380 581 1447 δικασταί
599 1380 713 1465 ἀρετὴν
731 1381 880 1461 τιμῶντες
899 1381 956 1443 καί
967 1381 1119 1462 πονηρίαν
1134 1374 1284 1453 κολάζον·

123 1502 125 1507 ·
201 1508 269 1557 τες·
301 1477 337 1545 οὗ
358 1483 417 1561 μὲν
435 1478 494 1564 γάρ
516 1485 573 1545 τοῦ
593 1484 724 1545 κλέπτον
745 1478 778 1544 τὸ
799 1479 957 1563 ἀδίκημα,
979 1478 1131 1542 οὐδὲτοῦ
1151 1476 1282 1561 φονέως,

204 1574 282 1671 ᾧγε
304 1581 378 1645 οὐδὲ
410 1584 590 1668 βουλομένῳ
623 1574 756 1643 δυνατὸν
776 1571 817 1662 ἧν
837 1587 964 1661 κρατεῖν
983 1580 1037 1659 τῆς
1058 1573 1175 1657 χειρός.
1215 1570 1283 1637 ἀλλ’

205 1682 261 1743 οιίκ
283 1676 351 1744 ἔστι
367 1682 481 1758 τοῦτο,
509 1677 567 1741 οέκ
588 1676 694 1742 ἔστιν·
747 1673 948 1755 ον’τεξοέσιος
970 1676 1031 1758 γὰρ
1056 1666 1282 1757 ὁιῖνθροοτιος,

203 1774 251 1843 ὅτι
274 1780 328 1841 καί
347 1782 416 1842 κατ’
436 1776 537 1843 εἰκόνα
559 1777 711 1860 παρήχθη
728 1781 817 1858 θεοῦ,
835 1779 885 1861 ἐφ’
906 1766 931 1866 ᾧ
952 1779 1069 1856 γενέσει
1089 1774 1145 1836 καί
1164 1764 1283 1855 ἄστρα-
1299 1776 1335 1839 ι5

202 1902 254 1942 σιν
274 1878 334 1959 οὐχ
363 1875 554 1941 v‘uo'uesrcu.n
595 1886 658 1951 τοῖς
687 1878 797 1957 μέντοι
817 1878 1062 1958 προσπταιοασιν
1081 1869 1286 1954 ὁπωσδήποτε

203 1982 281 2041 καθ
294 1977 510 2061 εἱμαρμένην,
532 1975 575 2053 ὥς
595 1972 735 2061 εἴρηται,
755 1977 810 2040 καί
828 1970 1051 2059 συγγινώσκειν
1071 1965 1158 2050 ἄξιον
1178 1964 1227 2054 ἦν,
1248 1965 1286 2035 οὗ

204 2075 269 2160 μὴν
290 2078 452 2163 ἐπιφέρειν
473 2076 643 2158 μάστιγαςῇ,
663 2071 706 2150 ὥς
727 2070 743 2139 ὅ
765 2071 998 2157 χροσορρημων
1019 2074 1160 2155 Ἰωάννης
1181 2072 1288 2155 φησίν.

174 2179 262 2241 Daui
281 2176 342 2258 γάρ
362 2177 396 2238 έν
416 2168 463 2249 οἷς
483 2176 604 2253 ἐξέθετο
625 2174 727 2255 λόγοις
745 2175 818 2257 περί
836 2170 1024 2256 εἱμαρμένης
1042 2173 1099 2237 καί
1116 2168 1192 2235 τάδε
1206 2170 1291 2246 διέξ-

208 2298 280 2339 εισι.
340 2281 405 2347 τοῖς
433 2276 493 2351 μὲν
512 2265 570 2335 οέν
591 2269 710 2358 ἀνάγκη
731 2272 951 2352 κατεχομένοις
967 2266 1189 2353 συγγινώσκειν
1202 2266 1339 2337 otta-20

208 2395 279 2452 μεν.
322 2365 380 2435 κέν
400 2368 459 2453 γὰρ
486 2367 546 2432 tut
570 2365 718 2451 δαίμονός
737 2393 783 2443 τις
804 2370 1025 2451 ἐνοχλούμενος
1048 2365 1071 2453 ἢ
1093 2366 1148 2435 τὸν
1165 2372 1289 2451 χιτοῖνο

211 2469 363 2557 διαρρηξη
383 2466 439 2533 τὸν
459 2466 609 2553 ἡμέτερον
633 2464 654 2553 ἢ
678 2466 797 2553 πληγεὶς
815 2471 980 2555 έπενέγκη,
1002 2464 1040 2531 osi
1061 2465 1157 2551 μόνον
1179 2470 1219 2532 osi
1239 2492 1291 2532 κο-

214 2792 279 2846 gnns
298 2776 346 2827 ille
371 2774 483 2827 Basilius
506 2774 536 2827 in
552 2776 673 2827 oratione
691 2780 780 2839 sexta,
800 2782 928 2845 quaeest
955 2774 990 2827 de
1006 2774 1196 2838 luminaribus,
1211 2772 1290 2825 dicat,

179 2882 183 2889 ·
215 2865 277 2899 nam
295 2856 378 2899 artem
407 2846 591 2915 astrologicam
615 2848 644 2897 in
661 2846 777 2897 medium
796 2847 951 2915 proferens,
978 2855 1008 2898 et
1022 2861 1093 2915 quas
1111 2848 1146 2898 sit
1162 2848 1218 2897 eins
1236 2862 1293 2895 nse-

213 2917 314 2971 rhodus
338 2916 494 2984 explorans,
514 2916 548 2967 aul
567 2916 675 2967 verbnm
694 2915 745 2967 lsoc
764 2916 844 2968 modo
868 2918 996 2985 loquitur.
1012 2917 1041 2966 in
1056 2915 1130 2969 hisee
1149 2918 1294 2968 ratiocina.

215 2987 335 3041 tionibus
355 3004 449 3054 magna
479 2988 550 3038 inest
576 2987 693 3038 stultitia
711 2996 739 3038 et
754 2989 840 3038 maior
856 2988 937 3037 etiarn
955 2988 1085 3055 impietas.
1100 2987 1294 3057 quamobrem?

215 3058 290 3129 quod
315 3057 436 3107 malefica
464 3059 600 3125 noxiaque
628 3056 718 3109 sinlera
745 3059 882 3127 pravitatis
909 3074 972 3107 suae
990 3074 1097 3109 causam
1114 3060 1142 3108 in
1159 3067 1295 3110 auctorem

216 3147 293 3181 suurn
316 3126 485 3179 transierant.
515 3126 614 3179 deinde
638 3129 660 3177 si
684 3137 738 3178 tam
755 3128 847 3179 virtuti
874 3128 1042 3197 quasnvitiis
1057 3137 1297 3181 consentanearum

217 3200 353 3251 actionum
372 3198 504 3266 principia
520 3215 575 3247 non
594 3206 656 3249 sunt
674 3200 703 3248 in
721 3207 811 3249 nostra
827 3205 970 3267 potestate,
990 3198 1039 3249 sed
1057 3217 1073 3249 a
1090 3201 1297 3253 necessitatibus

219 3270 336 3321 siderum
365 3268 552 3319 nataliciorum
572 3266 707 3336 pendent,
727 3269 915 3337 supervacanei
939 3277 1000 3319 sunt
1027 3269 1232 3335 leguminum,
1250 3273 1299 3341 qui

219 3338 322 3409 agenda
340 3337 520 3457 fuglemlaspue
550 3337 626 3389 uobis
645 3338 786 3391 definiunt.
809 3338 913 3388 nullum
931 3346 972 3389 est
990 3340 1063 3389 enirn
1080 3341 1124 3391 vel
1143 3340 1208 3390 furis
1226 3341 1300 3392 deti.

220 3420 291 3461 ctum
306 3408 350 3460 vel
369 3408 467 3459 hosuici
488 3426 535 3471 ae,
561 3409 583 3458 si
601 3424 635 3459 ne
656 3409 748 3461 volens
775 3407 884 3479 quidem
901 3410 1039 3460 continere
1057 3426 1164 3461 manum
1182 3418 1298 3477 poterat.

222 3480 342 3532 sednon
362 3478 467 3531 esthon
484 3496 589 3542 verum,
606 3494 662 3529 non
681 3489 730 3532 est.
747 3481 847 3548 quippe
865 3496 929 3529 suae
947 3482 1050 3547 spontis
1067 3489 1108 3531 est
1124 3479 1218 3538 bomo,
1238 3498 1300 3533 eum

223 3550 258 3600 ad
279 3551 420 3618 imaginem
440 3550 485 3599 dei
502 3552 537 3601 sit
556 3550 659 3613 lactus;
679 3567 733 3618 quo
754 3550 784 3600 fit
801 3556 831 3599 ut
846 3564 935 3617 neque
951 3552 1084 3601 nativitati
1100 3558 1189 3601 certae
1207 3566 1300 3622 neque

224 3620 354 3670 nidoribus
375 3620 510 3671 subiectus
529 3620 572 3675 sit.
594 3622 659 3687 quin
679 3624 758 3670 etiarn
775 3634 886 3687 quoquo
904 3619 984 3671 modo
1003 3618 1225 3689 delinquentibus
1242 3623 1300 3675 sato

225 3688 356 3758 quodam,
374 3701 405 3742 ut
423 3691 550 3749 (lirinum,
572 3706 686 3759 aequum
701 3698 771 3741 esset
788 3690 941 3757 ignoscere,
956 3708 1012 3741 non
1029 3691 1157 3743 adhibere
1175 3693 1299 3757 verbera,

226 3759 448 3827 quemadmodum
468 3761 666 3826 Chrysostomns
690 3760 735 3810 ait.
753 3777 813 3810 narn
833 3759 861 3809 in
878 3760 1042 3812 orationibus
1067 3778 1134 3830 quas
1152 3762 1248 3817 habuit
1265 3764 1300 3815 sle

225 3828 292 3879 Fato
311 3828 463 3882 huiusmodi
490 3830 619 3899 quaedam
639 3830 736 3882 tradit:
762 3830 795 3881 iis
816 3831 864 3898 qui
882 3834 1040 3883 necessitate
1057 3842 1206 3901 coguntur,
1224 3836 1301 3905 igno-

227 3914 300 3952 scere
319 3899 441 3951 solemus.
472 3903 571 3953 etenim
593 3902 615 3951 si
635 3902 728 3969 quiea
751 3902 821 3952 malo
837 3904 918 3967 genio
936 3912 1043 3955 vexatus
1056 3904 1099 3954 vel
1116 3906 1234 3957 tunicam
1251 3924 1302 3957 no-

228 3979 309 4021 stram
325 3969 482 4022 laceraverit
509 3972 552 4023 vel
569 3988 617 4023 nos
635 3970 791 4023 verberibus
816 3970 961 4037 adfecerit,
978 3990 1033 4025 non
1050 3974 1132 4026 modo
1149 3994 1204 4028 non
1241 3977 1301 4026 rani-

229 4057 287 4093 mns
311 4055 388 4100 euna,
411 4038 459 4089 sed
489 4043 568 4091 etiam
592 4041 748 4093 miseramur
781 4043 942 4113 veniamque
970 4043 1101 4113 largimur.
1129 3994 1302 4115 qnamolrem

231 4110 318 4164 istnc?
336 4108 402 4179 quia
428 4125 485 4161 non
501 4110 642 4164 electionis
666 4111 717 4193 secl
733 4112 798 4163 mali
817 4114 891 4181 genii
908 4113 958 4183 ⁴vis
976 4130 1008 4169 ea
1024 4114 1182 4188 designavit.
1197 4128 1252 4187 quo
1271 4116 1301 4169 lit
