2742 4617
443 252 655 323 tuurnuu
685 254 788 321 naus
815 258 842 321 1.
1121 236 1180 341 43

103 406 232 495 σελήνην
245 411 427 495 ’μεταβολῆς
455 409 514 496 τήν
540 411 740 477 συντέλειαν·
798 402 899 487 ἄλλως
923 411 982 497 γόρ
1002 414 1210 485 deuel-irruet:

101 510 289 594 μειουμένης
310 507 411 593 αύτῆς
431 508 487 575 καί
506 500 609 584 ἄλλως
630 510 807 594 ου’ξομόνης
825 507 867 576 τό
888 512 1026 595 σοόματα,
1047 518 1105 579 νύν
1120 516 1182 596 μὲν

100 605 258 691 ληγούσης
290 605 389 692 ἄροιό
419 606 568 693 γινόμενα
598 611 653 673 καί
680 610 775 691 κενό,
805 614 862 674 νύν
883 610 919 673 δὲ
939 611 1111 698 ου’ξομόνης
1130 615 1186 679 καί

101 705 181 791 πρός
201 706 236 773 τό
264 708 383 792 πλῆρες
401 707 594 792 ἒπαγομίνης
619 706 675 773 καί
692 707 775 774 ederi
796 704 894 775 πόλιν
913 711 1183 795 α’ναπληρούμενσ,

77 806 185 877 5όιότι
202 803 361 892 ύγρότητό
370 831 439 873 τινα
453 809 625 893 θερμότητι
643 810 836 894 κεκραμένην
855 811 910 874 tut
926 806 960 874 τό
974 810 1073 892 ῥόθος
1096 808 1184 897 φθό-

101 928 203 971 νουσα
224 902 400 991 λεληθότως
417 908 531 991 ἐνίησι.
574 909 706 992 δηλοόσι
728 908 867 973 δὲτούτο
889 907 945 973 καί
963 907 993 973 οἶ
1014 909 1186 974 καθεύδον-

99 1028 153 1082 τες
171 1008 229 1090 τῆς
256 1002 316 1069 ύπό
351 1004 481 1091 σελήνης
510 1004 677 1092 ὑγρότητος
705 1007 858 1092 περισσῆς
887 1004 944 1083 τός
970 1011 1028 1089 τῆς
1047 1010 1186 1093 κεφαλῆς

101 1106 305 1192 εύρυχωρίας
323 1102 552 1189 πληρούμενοι,
574 1102 622 1170 ἔτι
645 1107 681 1171 δὲ
707 1106 748 1169 τό
770 1108 931 1192 νεοσφαγῆ
948 1108 1010 1170 τόν
1028 1110 1129 1192 κρεῶν
1149 1109 1187 1193 τῆ

101 1208 265 1291 προσβολῇ
279 1206 333 1289 τῆς
352 1204 485 1289 σελήνης
512 1208 633 1286 ταχέως
647 1203 831 1290 τρεπόμενα
845 1204 927 1270 κατό
949 1207 1041 1271 τούτο
1060 1205 1116 1270 καί
1133 1207 1188 1292 ἐφ’

63 1300 246 1387 ιοόρματος
267 1300 369 1387 αύτήν
384 1306 439 1366 κατ’
452 1301 509 1367 όύο
522 1300 648 1388 ταύρων
663 1307 850 1383 καθίζουσιν
868 1300 912 1380 ὥς
934 1308 1111 1370 κυκλοῦσαν
1131 1303 1188 1369 τόν

102 1399 222 1484 κόσμον
241 1402 297 1467 καί
316 1394 514 1488 α’ροτριοόσαν
532 1402 587 1468 καί
604 1406 816 1487 σπείρουσαν,
837 1400 1050 1486 ύγραίνουσοὶν
1076 1427 1111 1467 τε
1131 1403 1188 1468 καί

103 1503 356 1586 θερμαίνουσαν.
398 1506 500 1567 ταῦτα
522 1504 558 1569 di
577 1500 679 1568 πάντα
700 1503 758 1567 ούκ
778 1498 820 1567 όν
840 1500 988 1587 ἐξήρκεσε
1014 1508 1054 1591 τῆ
1071 1499 1219 1587 ἓαυτῆςΙ)

101 1603 269 1669 α’λλοιοόσει
290 1604 518 1684 σομμεόιστᾶν,
539 1603 570 1668 εἰ
588 1600 633 1688 μή
646 1626 680 1684 γε
703 1601 784 1667 κατοὶ
804 1601 863 1686 τήν
882 1605 937 1687 τῆς
957 1605 1083 1688 γραφῆς
1101 1626 1187 1683 μαρ-

102 1702 218 1786 τυρίαν
229 1696 395 1785 όπερφυής
413 1723 462 1777 τις
479 1699 630 1785 ἐτύγχανε
650 1703 690 1788 νή
710 1702 841 1783 όυνόμει
853 1726 889 1765 τε
910 1700 1119 1785 ὑπερέχουσα.
1132 1696 1189 1764 ού-

64 1808 148 1873 ιὸτω
168 1801 233 1883 μὲν
255 1792 314 1863 ούν
333 1800 367 1863 ἐκ
386 1802 441 1884 τῆς
460 1800 561 1875 αἰτίας
573 1801 685 1885 ταύτης
698 1801 753 1865 καί
770 1799 811 1865 τοὶ
834 1800 913 1865 κατοὶ
930 1798 985 1865 τόν
997 1801 1078 1884 α’όρα
1099 1800 1187 1883 πύθη

104 1902 333 1979 συνίστανται,
367 1897 410 1973 cic
431 1904 648 1983 μαρτυροῦσιν
671 1896 747 1981 ἡμῖν
767 1898 801 1963 αἱ
829 1899 906 1964 eard
930 1897 987 1983 νῆν
1018 1900 1189 1982 νουμηνίαν

105 1994 257 2072 πολλάκις
271 1990 335 2059 rinei
346 1998 481 2081 γαλήνης
494 2000 548 2061 κατ’
568 2002 715 2081 νηνεμίας
726 1997 882 2083 alpaidem
898 1999 1039 2082 ταραχαί
1059 2002 1122 2061 τῶν
1139 2020 1190 2061 νε-

106 2098 177 2183 φιόν
198 2100 416 2177 κλονουμένων
437 2097 492 2161 καί
509 2096 749 2178 συμπιπτόντων
778 2096 944 2179 α’λλήλοις,
967 2094 1002 2160 αἱ
1021 2095 1095 2177 περί
1114 2094 1228 2173 εούςγ,
1242 2118 1272 2171 ,ς

105 2195 255 2280 εύρίπους
277 2218 313 2258 τε
341 2194 527 2280 παλίρροιαν
533 2245 545 2277 ,
571 2196 628 2259 καί
651 2190 672 2278 ἦ
693 2196 768 2278 περί
783 2193 839 2260 τόν
867 2193 1028 2277 λεγόμενον
1045 2194 1210 2266 Ὠκεανόν,

61 2287 258 2379 andanems,
279 2290 319 2379 ῆν
336 2299 406 2371 ταῖς
426 2294 585 2381 περιόδοις
605 2294 660 2381 τῆς
680 2289 812 2379 σελήνης
830 2294 1023 2379 τεταγμένως
1038 2287 1190 2381 ἑπομένην

108 2586 147 2637 ris
166 2589 270 2636 eterra
298 2583 473 2637 marcentibus
494 2583 575 2637 rebus
601 2582 731 2655 equidem
755 2584 879 2638 arbitror.
906 2603 969 2638 nam
986 2585 1067 2639 aliter
1083 2585 1198 2643 adlecta⁴

107 2662 177 2707 eunt
202 2670 312 2725 corpora
336 2654 401 2707 luna
424 2655 564 2708 deminuta
586 2672 666 2726 quam
693 2672 752 2708 esse
778 2657 885 2709 soleant
909 2657 1004 2709 eadem
1021 2664 1191 2727 augescente.

107 2726 216 2795 quippe
234 2741 292 2777 cum
316 2724 406 2777 delicit
425 2742 455 2777 ac
473 2727 656 2792 imminuitur,
679 2726 741 2778 laxa
762 2736 825 2780 sunt
843 2736 925 2797 atque
942 2746 1041 2779 vacua:
1061 2746 1121 2779 cum
1142 2743 1192 2777 au-

106 2796 196 2864 gescit
215 2804 243 2847 et
272 2794 306 2847 ad
321 2796 521 2866 plenitudinem
545 2814 619 2849 suam
647 2806 789 2869 properat,
814 2814 926 2867 corpora
949 2814 1059 2869 qnoque
1087 2814 1192 2849 rursum

106 2866 209 2936 repleri
230 2864 367 2933 videmus;
384 2866 468 2937 idque
481 2876 624 2937 propterea
638 2868 714 2938 quod
730 2869 869 2919 humorem
889 2867 1024 2937 quendam
1043 2884 1101 2917 cum
1119 2868 1194 2919 calo-

107 2954 138 2989 re
155 2946 336 3006 temperatum
354 2946 382 2989 et
410 2936 444 2991 ed
464 2937 517 2989 ima
536 2954 620 3007 usque
636 2941 819 3007 pertinentem
838 2940 916 3008 quasi
934 2938 1016 2991 tacite
1035 2936 1194 3005 corporibus

106 3008 246 3061 immittat.
266 3008 442 3061 animadverti
460 3007 513 3060 hue
542 3006 576 3060 de
596 3009 629 3060 iis
646 3026 757 3079 quoque
774 3019 880 3079 puteat,
902 3010 950 3079 qui
968 3007 1003 3059 ad
1020 3007 1113 3059 lunam
1131 3005 1196 3058 dor-

106 3080 225 3131 mientes
253 3079 389 3149 euperssuo
418 3078 531 3131 humore
548 3079 643 3149 capitis
666 3082 843 3150 capacitatem
864 3096 969 3132 omnem
991 3080 1090 3149 repleri
1107 3078 1194 3130 renti·

106 3159 165 3203 unt.
183 3147 280 3203 itidem
298 3166 393 3203 carnee
406 3166 499 3203 recena
520 3158 695 3203 mactatarum
715 3152 871 3203 animalium
888 3152 923 3202 ad
944 3152 1036 3202 lunam
1055 3149 1195 3219 expositae

108 3228 138 3272 et
155 3219 191 3271 ab
211 3222 269 3273 eine
296 3220 379 3273 radiis
397 3229 514 3273 attactae
533 3220 586 3272 cito
603 3230 743 3273 mutentur
761 3240 793 3273 ac
820 3230 988 3291 putrescunt.
1007 3237 1039 3272 ea
1059 3220 1094 3270 de
1114 3234 1195 3271 cauea

108 3291 203 3343 lunam
222 3292 251 3343 in
272 3310 369 3355 curru,
394 3291 501 3344 duobus
518 3292 602 3343 tauris
622 3291 770 3356 adiunctis,
797 3294 947 3356 collocant,
966 3301 1095 3361 tanquam
1115 3307 1195 3341 mun-

109 3361 174 3413 dum
194 3362 268 3415 huuc
297 3364 480 3426 ambientem,
502 3370 640 3425 arantem,
657 3372 805 3415 sementem
823 3364 851 3415 in
871 3380 903 3415 eo
922 3364 1082 3425 facientem,
1100 3360 1196 3411 burne-

109 3440 230 3486 ctantem
251 3442 333 3505 atque
351 3434 552 3488 'calfacieutem
570 3431 638 3485 haee
661 3435 752 3485 omnia
771 3451 835 3487 vero
858 3451 908 3504 per
926 3432 1143 3485 immutationem
1160 3430 1196 3482 il·

110 3502 165 3555 iam
184 3504 305 3573 corporis
323 3505 366 3555 eui
384 3505 513 3574 perlicere
539 3520 713 3574 nequaquam
728 3515 840 3574 posset,
858 3506 882 3557 si
899 3521 955 3557 noa
975 3502 1088 3554 eximiae
1106 3501 1197 3553 cuius·

112 3572 172 3626 dam
192 3574 389 3643 magnitudinis
409 3574 539 3644 singulari
555 3593 616 3627 cum
637 3576 663 3625 vi
681 3582 710 3627 et
727 3574 883 3627 efficacitate
902 3574 1082 3637 coniunctae,
1100 3589 1197 3642 quem-

112 3644 259 3697 admodum
278 3653 306 3698 et
323 3646 431 3698 litterae
450 3662 538 3699 sacrae
554 3654 703 3710 testantur,
729 3654 807 3698 esset
826 3654 909 3717 atque
927 3646 978 3696 bac
997 3661 1061 3696 sane
1080 3643 1114 3695 de
1132 3660 1197 3695 cau·

112 3732 143 3767 aa
159 3716 286 3769 ridemus
316 3724 345 3769 et
362 3718 433 3770 aeris
459 3716 626 3769 adiectiones
647 3725 732 3769 certes
750 3719 881 3781 exirtere,
902 3715 1128 3785 quemadmodum
1146 3715 1197 3766 de-

113 3786 217 3841 clarant
235 3796 347 3839 exortae
366 3804 557 3857 saepenumero
576 3787 712 3841 novilunii
728 3796 850 3857 tempore
872 3786 906 3837 de
923 3804 1022 3838 sumena
1039 3785 1197 3857 tranquilli-

112 3864 185 3919 tate,
214 3866 359 3911 veutornm
388 3860 507 3911 omnium
533 3866 659 3929 experte,
683 3858 902 3928 perturbationes
933 3858 1002 3909 airis
1021 3859 1196 3929 repentinae,

111 3927 234 3980 nubibus
260 3929 333 3981 iuter
352 3945 382 3980 se
399 3929 500 3982 collisis
517 3932 649 3999 querique
674 3928 890 3997 confligentibus.
907 3927 1045 3980 declarant
1064 3938 1092 3980 et
1108 3926 1196 3977 fluxus

111 4014 144 4051 ec
163 3998 281 4051 refluxus
294 4017 422 4071 aquarum
435 4000 463 4051 iu
475 4002 587 4071 euripis,
606 4001 709 4071 illaque
726 4000 785 4069 ipso
802 4016 872 4068 quae
889 3999 920 4051 iit
937 4000 966 4051 in
977 4000 1086 4050 Oceano
1104 3997 1197 4065 (quem

110 4071 224 4139 vocant)
241 4070 321 4123 marie
351 4072 542 4141 reciprocatio,
565 4088 644 4141 quam
672 4071 783 4139 quidem
800 4069 920 4122 lrominee
935 4070 1071 4122 littoribus
1089 4067 1197 4117 marinis

113 4140 227 4194 finitimi
243 4157 293 4212 per
312 4148 394 4197 etatae
413 4143 483 4197 ricee
501 4143 582 4195 lunae
604 4142 730 4195 circuitur
747 4143 825 4215 aequi
841 4140 1086 4215 deprehenderunt
1105 4136 1198 4186 tracte-
