2742 4617
430 327 644 392 tuustmtt
672 328 776 392 rius
807 327 833 390 ι.
1099 325 1175 412 ¹77

92 481 137 561 είς
157 463 276 556 cleirac
295 482 336 568 τῇ
357 477 507 568 όπιοδόνιρ
528 479 628 568 ταύτῃ
651 475 707 545 καί
725 478 878 568 μοχθηρᾷ
897 479 1005 565 βιοτῇ,
1029 476 1115 541 καθά
1138 476 1178 561 δὴ

90 581 146 646 καί
172 579 189 644 ά
222 583 366 666 χρυσοῦς
396 578 456 664 τὴν
479 576 624 663 γλῶττάν
644 602 746 666 φησι,
773 585 965 664 παραχωρεῖ
987 579 1031 666 τῷ
1056 575 1180 664 θανάτῳ

91 679 169 746 κατά
201 682 259 744 τοῦ
278 674 440 744 άθανάτου
468 681 635 762 χωρῆσαι,
663 679 720 742 καί
746 673 867 760 γίνεται
887 676 988 766 τοότιγ
1010 679 1055 764 τῷ
1074 673 1179 763 τρόπιρ

88 777 206 864 θνητάς
234 777 252 843 ό
275 776 435 854 α’θόνατος
463 778 519 842 καί
546 774 692 864 φθαρτὸς
720 771 837 859 ὁμοίιος
866 769 1082 862 όάφθαρτος.
1125 775 1181 840 καί
1187 785 1214 840 Ρ.
1223 787 1259 855 93

62 882 228 950 5πειθὲται
256 877 340 962 ἡμᾶς
370 878 426 942 ἐπί
442 877 536 943 πλέον
565 871 699 961 όμόγας
719 879 889 952 Βασίλειος
909 871 990 940 οάτιο
1011 878 1087 960 περί
1105 875 1179 941 sod-

86 1003 145 1044 του
179 981 278 1063 λέγων
305 977 385 1060 „odsi
415 974 553 1042 όκιόλοσε
582 978 618 1042 δὲ
649 973 706 1041 τόν
737 972 877 1041 θάνατον
904 974 1031 1059 όθεός,
1057 975 1109 1042 ἵνα
1131 973 1177 1060 μά

86 1075 251 1143 α’θάνατον
271 1076 348 1160 ἡμῖν
364 1074 421 1161 τόν
441 1075 622 1160 άρριοστάιν
640 1072 792 1163 τηρήσῃ.”
830 1075 885 1139 ἐπί
902 1077 1006 1160 κέρδει
1027 1074 1138 1142 λοιπόν
1159 1073 1179 1141 ό

85 1175 245 1258 θάνατος,
266 1177 323 1242 καί
341 1178 393 1242 ἐπ’
411 1174 592 1260 εὐεργεσίαν
620 1174 641 1260 ἦ
662 1174 802 1259 τιμωρία
823 1171 947 1239 δίδοται
969 1173 1047 1240 κατά
1070 1174 1124 1242 τόν
1143 1177 1178 1243 ἒν

84 1278 232 1365 θεολογίρι
256 1278 357 1358 μέγαν
375 1276 408 1342 Γ
404 1274 562 1362 ριγγόριον.
580 1275 633 1360 ἐφ’
652 1263 679 1364 ᾧ
696 1275 753 1340 καί
769 1270 1013 1358 σκυθρωπάζειν
1033 1273 1088 1339 tut
1103 1272 1178 1340 τοά·

42 1399 152 1450 τοτοις
168 1377 227 1439 οδκ
246 1369 384 1459 εὔλογον.
437 1376 469 1439 εί
490 1371 554 1458 γάρ
576 1377 632 1439 καί
636 1403 639 1408 ·
653 1377 700 1451 είς
718 1377 777 1458 γῆν
798 1367 875 1437 derv
893 1371 1078 1459 ἐλήφθημεν
1098 1373 1178 1440 dno·

84 1471 292 1561 στρεφόμεθα
324 1471 406 1538 κατά
427 1471 485 1558 τήν
513 1469 600 1557 α’ράν
621 1469 742 1557 ίκείνην
763 1469 819 1556 τήν
841 1467 924 1536 odron
946 1473 1097 1556 λέγουσαν
1118 1477 1178 1561 ,γῆ

83 1567 119 1637 εί
139 1575 196 1637 καί
223 1574 269 1649 είς
287 1576 343 1657 γῆν
364 1571 559 1659 α’πελεόσῃ,”
587 1565 654 1636 ἀλλ’
675 1574 813 1651 ἐκεῖθεν,
841 1569 884 1646 σός
904 1569 921 1636 ά
939 1571 1176 1659 χρυσορρήμοον

80 1671 230 1756 Ἰωάννης
269 1670 366 1759 φησί,
399 1673 454 1736 καί
479 1663 575 1746 αὖθις
595 1667 911 1754 άνοιλαμβανάμεθα,
931 1671 1104 1738 κάντεῦθεν
1123 1675 1178 1740 ἐπί

81 1770 120 1836 τό
153 1772 278 1853 βέλτιον
299 1766 645 1855 μεταστοιχειοόμεθα,
670 1771 726 1834 καί
741 1772 880 1836 τοιοῦτοι
902 1768 1057 1854 γινόμεθα
1080 1769 1177 1837 πάλιν

35 1866 188 1938 monam
222 1871 280 1934 καί
302 1869 455 1958 πρότερον
495 1861 593 1955 ἧμιν,
624 1868 785 1934 τουτέστιν
814 1859 980 1956 άρθαρτοι
1008 1869 1064 1934 καί
1091 1868 1202 1935 ἀθά-Β

82 1991 184 2035 νατοι.

160 2063 394 2152 Ἀμφιβάλλιιν
415 2059 473 2131 οόν
492 2067 547 2133 dni
565 2065 687 2142 τούτοις
708 2067 748 2130 od
769 2066 908 2147 δίκαιον,
929 2062 994 2149 εἴγε
1017 2064 1073 2131 καί
1090 2070 1173 2146 μάλ-

78 2173 136 2232 λον
158 2163 189 2231 οἱ
219 2170 303 2232 θεῖοι
337 2167 472 2250 πατέρες
503 2165 598 2231 οὐδὲν
625 2161 703 2251 ἡμῖν
725 2165 833 2251 ἕτερον
852 2166 1100 2250 ἐπαγγέλλεσθαι
1122 2171 1173 2232 λέ-

78 2288 175 2350 γουσι
207 2262 265 2350 τὴν
288 2265 324 2330 ἐκ
345 2267 461 2350 κεκριάν
484 2262 658 2332 α’νάστασιν
678 2257 701 2349 ἢ
719 2259 776 2349 τὴν
795 2261 877 2348 πρός
893 2261 930 2328 τό
954 2266 1090 2350 α’ρχαῖον
1107 2272 1173 2334 τιόν

33 2391 71 2434 το
79 2362 290 2430 πεπτωκότων
322 2357 588 2448 άιιοκατόοτασιν.
641 2363 698 2428 καί
717 2361 875 2448 πρόσχες,
905 2363 936 2429 εἰ
953 2365 1083 2448 βοόλει,
1108 2365 1171 2455 πρό

77 2465 145 2530 τοῖν
174 2455 281 2529 άλλοον
301 2463 343 2550 τῷ
364 2463 517 2552 θειοτάτῳ
543 2459 741 2552 ’Λναστοοίρι
762 2462 839 2546 περί
857 2457 975 2527 τούτων
999 2457 1100 2541 οάτιος
1121 2466 1173 2532 λό-

77 2585 169 2647 γοντι
189 2560 270 2646 ,καί
285 2561 412 2649 ἐποίησε
429 2557 487 2627 τόν
508 2555 678 2649 άνθρατιον
707 2557 841 2652 όθεός·
883 2563 949 2628 κατ’
968 2559 1071 2630 εἰκόνα
1093 2567 1181 2656 θεοῦ,

73 2860 147 2914 cisse
167 2858 251 2913 deum
269 2859 323 2913 hoc
340 2867 416 2914 certo
433 2860 686 2933 quodamcousilio
707 2870 735 2915 et
753 2861 964 2933 dispensatione.
981 2879 1045 2916 nam
1064 2861 1170 2922 sollici-

72 2941 120 2985 tus
139 2931 177 2983 de
193 2933 293 2996 nobis,
315 2947 351 2984 ue
369 2933 441 2986 forte
457 2941 590 3003 perpetuo
617 2951 789 3004 peccaremus
807 2951 862 2986 neu
883 2934 967 2986 tristis
985 2934 1052 2986 hoec
1073 2943 1102 2987 et
1122 2951 1169 2987 ee-

73 3019 206 3056 rumnom
224 3004 280 3055 vito
297 3002 407 3056 duraret
426 3013 575 3067 commum,
595 3006 634 3057 uti
650 3004 784 3058 lohannes
803 3007 884 3057 etium
902 3003 1106 3071 chrysostomus
1125 3007 1168 3058 in-

71 3076 151 3143 quit,
172 3075 255 3126 morti
272 3083 434 3143 potestatem
452 3074 517 3127 lacit
536 3076 714 3126 immortalem
734 3075 896 3138 invadendi,
915 3083 997 3146 atque
1015 3075 1068 3128 hoc
1085 3075 1168 3128 modo

69 3145 199 3196 mortalis
206 3144 249 3197 ‘fit
266 3147 315 3215 qul
332 3145 489 3198 immortalis
508 3155 575 3210 emt,
594 3155 623 3197 et
639 3146 824 3215 corruptibilis
844 3147 893 3215 qul
910 3147 980 3198 nulli
999 3154 1057 3198 emt
1073 3147 1169 3198 interi-

69 3217 113 3266 tui
131 3215 278 3268 obnoxius,
296 3214 371 3267 idem
387 3215 466 3268 nobis
486 3220 567 3268 etiam
586 3216 699 3268 Basilius
716 3215 890 3286 persuadeat,
910 3218 985 3268 cuius
999 3216 1065 3269 hooc
1084 3215 1168 3270 verba

71 3295 154 3340 sunt:
175 3295 292 3338 mortem
324 3284 390 3338 deus
408 3292 465 3338 non
484 3287 640 3356 prohibuit,
658 3305 694 3338 ne
712 3287 854 3340 infirmitas
871 3304 904 3338 oc
921 3287 1030 3339 morbus
1048 3288 1097 3340 ille
1116 3303 1168 3338 no-

68 3365 127 3408 ster
156 3365 301 3410 aeternum
329 3357 446 3409 duraret„
465 3374 521 3427 quo
551 3359 583 3409 lit
609 3366 641 3410 ut
668 3359 699 3410 in
724 3358 799 3409 lucro
829 3375 900 3410 mors
918 3359 983 3428 poni
1003 3359 1120 3422 debeat,
1139 3365 1167 3410 et

67 3425 138 3478 haec
157 3444 250 3498 poeno
270 3427 396 3480 beneficii
415 3429 476 3480 loco
496 3427 608 3492 haberi,
627 3427 856 3497 quemadmodum
875 3430 1020 3498 Gregorius
1048 3430 1096 3480 ille
1119 3445 1167 3480 co·

65 3506 222 3566 gnomento
233 3498 388 3567 Theologus
401 3499 519 3568 scripsit3
538 3499 662 3621 adcopue
679 3516 729 3550 nos
747 3500 840 3551 iccirco
856 3517 977 3552 moerere
992 3517 1048 3552 non
1066 3515 1166 3554 conve-

65 3570 118 3620 nit.
139 3570 266 3638 quamvis
293 3571 366 3621 enim
389 3571 548 3635 interram,
567 3587 605 3622 un
626 3586 641 3621 e
667 3571 768 3638 sumpti
787 3587 895 3634 sumus,
913 3573 1073 3626 revertimur
1090 3571 1165 3622 iuxta

65 3641 297 3708 imprecationem
316 3641 392 3692 illam
411 3639 456 3692 dei
466 3642 546 3713 (Gen.
564 3642 579 3692 3
602 3643 645 3712 19)
660 3648 749 3704 „terro
766 3657 794 3692 es
815 3649 842 3694 ct
868 3641 1012 3694 interram
1031 3639 1165 3703 redibis,''

65 3719 165 3762 tamen
180 3709 314 3775 indidem,
333 3712 374 3764 uti
383 3711 588 3779 chrysostomus
607 3711 723 3781 scripsit,
742 3713 900 3763 suscitamur
918 3729 949 3763 nc
968 3715 1107 3764 meliorem
1128 3709 1163 3762 ad

65 3781 264 3834 condicionem
293 3783 527 3843 transformamur,
555 3785 595 3835 ito
613 3790 645 3834 ut
671 3781 739 3834 tales
766 3798 870 3833 rursum
898 3781 1041 3836 evadamus
1066 3783 1163 3855 quales

65 3869 178 3905 eramus
197 3855 291 3922 prius,
309 3853 362 3904 hoc
380 3862 421 3905 est
439 3853 565 3906 interitus
583 3859 707 3924 expertes
729 3859 757 3902 et
774 3853 948 3903 immortales.

136 3922 220 3976 Nihil
246 3925 329 3991 igitur
357 3924 419 3975 heic
437 3923 642 3987 haesitandum
670 3921 780 3992 quondo
800 3930 891 3991 putres
909 3923 952 3974 itti
973 3921 1059 3975 divini
1074 3938 1162 3974 resur-

63 3995 221 4046 rectionem
239 4011 274 4046 ετ
290 3996 403 4046 mortuis
418 3994 489 4046 nihil
506 3995 581 4045 eliud
600 3993 679 4045 nobis
697 3993 822 4062 polliceri
843 3989 954 4045 tradunt
971 4010 1050 4064 quam
1070 3993 1162 4062 lapso-

63 4082 122 4116 rum
142 4068 176 4118 iu
194 4066 332 4134 integrum
352 4075 381 4117 et
395 4065 581 4117 condicionem
591 4065 732 4133 pristinum
752 4063 955 4114 restitutionem.
974 4062 1044 4126 side,
1060 4063 1082 4112 si
1101 4063 1162 4130 pla-

63 4146 126 4204 tet,
147 4135 221 4207 quid
237 4152 305 4207 prae
332 4138 446 4187 caeteris
465 4136 573 4189 divinus
593 4136 643 4185 ille
660 4135 701 4186 sir
724 4133 879 4184 rlrmstasius
902 4134 931 4184 in
950 4132 1000 4182 lmc
1019 4141 1095 4200 purte
1116 4131 1160 4180 di·
1186 4163 1197 4184 ι

62 4215 112 4260 rat.
131 4208 219 4272 feeit,
246 4208 356 4280 inquit,
372 4205 508 4264 homiuem
527 4206 614 4269 deus,
633 4211 661 4255 et
683 4201 796 4273 quidem
814 4217 877 4256 eum
897 4201 933 4254 sd
952 4202 1094 4270 imaginem
1112 4198 1158 4250 dei

133 4322 252 4388 Glycos.
678 4381 684 4390 ι
942 4327 971 4364 ιο
