2742 4617
174 284 234 345 llll
601 277 842 344 LEUNCLthl

177 434 362 510 radiasset,
386 452 455 495 cum
476 432 625 495 universis
651 434 866 496 communicat.
903 435 998 493 immo
1019 452 1083 494 non
1103 433 1165 517 ipse
1185 435 1257 493 tan.

177 544 245 596 tum
266 534 301 595 iis
329 530 513 617 expoliendis
545 542 577 594 ct
601 530 639 593 ad
665 532 805 595 editionis
825 532 1034 595 maturitatem
1055 530 1257 615 perducendis

108 620 113 629 ³
177 634 348 713 incumbit,
377 640 413 692 ut
433 632 587 714 publicam
615 630 653 695 ad
673 632 837 694 utilitatem
856 632 889 692 in
916 630 1051 693 medium
1083 631 1259 713 prodeant,

176 732 229 795 sed
259 732 350 795 etiam
379 730 442 793 aliis
464 731 611 815 pleraque
644 731 728 793 velut
757 730 945 793 extrudenda
973 731 1088 809 mittit,
1110 753 1149 792 ne
1171 730 1257 813 quod

177 840 318 894 nostrum
333 831 449 894 scilicet
464 829 659 893 commodum
675 838 867 907 remoretur,
888 829 962 893 dnm
980 830 1044 914 ipse
1062 829 1258 913 gravioribus
1335 819 1343 829 ’

177 932 259 992 curis
281 938 312 993 et
345 930 598 1015 occupationibus
622 929 787 1015 impeditus
816 930 973 992 bonorum
993 928 1164 1011 desiderio,
1185 928 1259 990 the.

178 1030 274 1092 sauris
296 1030 387 1115 longe
419 1028 612 1114 pulcerrimis
642 1051 677 1092 ex
696 1030 825 1113 caligine
846 1028 1049 1115 quarumdam
1070 1029 1156 1113 quasi
1178 1028 1257 1090 late-

69 1210 72 1215 .
176 1128 306 1195 brarum
339 1128 702 1207 eruendis,.satissacere
731 1130 851 1213 nequit.
884 1137 978 1213 atquo
997 1128 1087 1191 huius
1106 1150 1178 1191 sane
1196 1138 1262 1189 tam

178 1234 297 1311 sancti,
327 1238 392 1292 tam
413 1228 568 1291 laudabilis
593 1230 725 1291 instituti
746 1228 863 1291 fructus
888 1228 1088 1311 amplissimos
1106 1228 1258 1311 percipit,

182 1328 256 1393 dum
278 1336 311 1393 et
342 1354 359 1391 a
391 1328 531 1391 litteratis
548 1329 664 1413 ubique
692 1328 830 1411 gentium
850 1350 882 1390 sc
903 1328 963 1390 coli
985 1336 1078 1411 alque
1098 1330 1259 1390 observari

175 1428 278 1508 videt,
301 1438 333 1491 ct
355 1430 385 1489 in
407 1448 588 1513 magnorum
605 1428 832 1515 illustriumque
845 1427 988 1490 virorum
1007 1428 1106 1511 gratia
1123 1427 1262 1490 suaviter

178 1528 358 1613 adquiescit.
404 1529 514 1591 Caesar
536 1526 670 1612 quidem,
695 1549 753 1589 ceu
773 1526 987 1610 Philadelphus
1008 1529 1106 1605 alter,
1126 1526 1259 1589 alterum

180 1628 345 1713 quemdam
372 1628 565 1691 Demetrium
595 1626 779 1692 Phalereum
803 1626 1008 1691 bibliothecae
1037 1627 1201 1710 praefecit,
1222 1647 1259 1687 ac

179 1726 322 1791 historici
341 1749 451 1791 munus
471 1728 500 1789 ei
525 1726 700 1799 mandavit;
728 1748 802 1811 quas
824 1725 866 1810 ad
878 1748 926 1789 res
940 1748 1031 1809 quem
1052 1725 1145 1787 alium
1163 1724 1260 1807 magis

178 1828 322 1891 idoneum
345 1828 509 1909 reperiret,
532 1825 676 1911 equidem
696 1848 760 1889 non
772 1825 872 1890 video.
889 1848 947 1888 nec
967 1835 1014 1888 est
1032 1846 1090 1886 cur
1114 1824 1177 1886 eius
1198 1823 1260 1885 viri

179 1927 321 2005 consilia,
344 1928 396 2011 qui
417 1926 623 2013 uniuersitatis
635 1926 796 1989 historiam
818 1948 890 1989 oum
910 1926 1066 1987 variarum
1085 1923 1261 2005 disciplina.

179 2048 250 2089 rum
270 2027 395 2089 scientia
425 2036 488 2087 tam
515 2027 646 2089 feliciter
666 2027 841 2111 complexus
867 2026 908 2089 sit
928 2026 1050 2105 animo,
1071 2023 1207 2086 maximis
1227 2024 1260 2086 in

176 2128 339 2189 momentis
362 2148 466 2189 rerum
490 2128 527 2188 ab
550 2137 676 2209 augusto
692 2128 977 2210 sapientissimoque
999 2125 1141 2209 principe
1155 2133 1187 2187 et
1204 2146 1258 2187 re-

178 2226 263 2309 quiri
282 2226 426 2289 lubenter
460 2234 491 2287 et
512 2246 697 2309 magnopere
716 2226 847 2308 probari
865 2224 1013 2291 dubitem.
1047 2234 1085 2287 ut
1104 2234 1205 2287 autem
1225 2224 1273 2286 id-

158 2319 329 2407 'cxponam
352 2322 444 2408 ‘quod
469 2323 521 2385 hic
540 2323 623 2387 locus
653 2332 685 2387 et
705 2324 845 2386 instituta
871 2327 972 2389 oratio
992 2326 1147 2409 postulat,
1175 2324 1258 2387 misit

178 2420 218 2483 ad
230 2444 280 2485 me
295 2444 421 2507 quoque
435 2424 602 2486 Sambacus
623 2424 834 2507 superioribus
853 2424 900 2487 bis
914 2426 998 2489 annis
1015 2425 1157 2509 proximis
1181 2424 1257 2485 duos

176 2522 332 2613 annalium
362 2522 529 2605 scriptores
559 2526 715 2602 Graecos,
744 2523 927 2587 Michaelum
966 2526 1093 2609 Glycam
1138 2545 1256 2605 cogno-

175 2632 281 2686 mento
302 2622 439 2684 Siculum
457 2630 489 2685 et
510 2622 744 2686 Constantinum
765 2626 951 2699 Manassem3
976 2646 1112 2709 quorum
1133 2632 1255 2686 utrum-

177 2744 239 2807 qua
257 2723 401 2785 Latinum
417 2723 449 2784 in
469 2724 642 2785 sermonem
661 2734 874 2787 converterem
888 2748 923 2788 ac
941 2725 1058 2808 publici
1078 2723 1153 2787 iuris
1172 2725 1257 2787 sace.

177 2842 254 2885 rem.
276 2822 354 2887 solet
389 2823 471 2885 enim
492 2832 604 2905 putare
625 2832 761 2903 nostras,
791 2833 828 2885 ut
842 2846 913 2887 oum
929 2827 1019 2908 poeta
1041 2823 1176 2908 loquar,
1194 2845 1257 2885 esso

177 2922 295 3007 aliquid
311 2944 425 3006 nugas,
455 2922 518 2985 hoc
537 2931 600 3002 est,
631 2944 699 2987 eam
717 2945 774 2987 nos
802 2924 924 3007 linguae
944 2927 1081 2985 Graecae
1100 2921 1256 3005 cognitio-

177 3044 250 3085 nem
272 3031 449 3085 consecutos
470 3044 532 3087 esse
553 3045 632 3107 quae
645 3023 894 3086 transscribendis
915 3025 945 3084 in
957 3024 1097 3085 Latinam
1114 3030 1256 3085 veterum

177 3122 300 3205 scriptis
322 3131 490 3206 utcumque
518 3144 577 3206 par
598 3124 655 3195 sit;
683 3123 715 3182 in
735 3145 799 3207 quo
821 3132 858 3185 ut
876 3124 968 3185 amici
984 3124 1112 3206 plenum
1132 3122 1256 3203 insignis

177 3242 252 3305 erga
272 3242 322 3283 me
331 3222 562 3285 benevolentiae
583 3221 730 3285 iudicium
750 3224 821 3285 satu
840 3244 983 3307 agnosco,
1008 3223 1050 3285 ita
1072 3244 1153 3285 meas
1174 3222 1257 3283 vires

178 3340 216 3383 ae
235 3322 267 3383 in
291 3330 424 3403 utraque
444 3320 547 3404 lingua
566 3320 743 3383 facultatem
764 3343 855 3385 nemo
878 3344 927 3383 me
948 3322 1061 3384 restitas
1081 3320 1186 3382 metiri
1204 3319 1257 3382 vel

177 3428 280 3503 potest
304 3420 353 3483 rel
373 3420 472 3483 dehet.
501 3421 648 3505 quoniam
678 3444 755 3485 vero
774 3444 837 3485 non
857 3442 985 3504 prorsus
1004 3422 1174 3483 reiecturus
1196 3419 1258 3481 ho-

176 3522 272 3584 miues
294 3520 431 3583 emditos
453 3523 613 3605 sperabam
635 3522 721 3605 quod
741 3530 871 3584 auctore
884 3520 939 3581 tali
951 3520 1021 3583 viro
1040 3518 1259 3604 praestandum

179 3622 369 3704 reciperem,
390 3623 572 3705 praesertim
589 3620 766 3684 ostendente
785 3642 845 3704 per
862 3619 965 3682 literas
986 3642 1018 3683 ae
1040 3619 1258 3680 auctoritatem

179 3721 296 3782 consilii
317 3722 363 3782 sui
383 3743 539 3807 nunquam
560 3721 790 3806 defugiturum,
812 3720 872 3782 feci
899 3736 970 3782 sane
990 3718 1077 3803 quod
1096 3718 1146 3778 ille
1167 3716 1258 3779 iube.

177 3818 248 3898 bat,
267 3828 299 3881 et
317 3828 485 3906 utrumque
504 3824 642 3884 Romana
670 3820 793 3883 civitate
814 3819 951 3898 donavi,
981 3840 1045 3881 nou
1060 3826 1097 3878 ut
1117 3817 1256 3899 impera-

179 3928 232 3980 tor
255 3918 424 4002 quispiam,
443 3920 496 3984 sed
516 3922 601 3984 velut
622 3941 700 3983 unus
718 3940 754 3983 ex
774 3919 896 3997 multis,
918 3918 973 4002 qui
992 3917 1055 3979 eius
1078 3916 1125 3979 rei
1143 3936 1259 3977 carran..

178 4019 236 4081 dae
262 4016 439 4081 mandatum
468 4022 506 4082 ab
536 4022 726 4105 imperatore
753 4018 893 4081 baberet.
923 4039 1056 4101 cumque
1085 4015 1175 4099 prior
1193 4014 1255 4075 hoe

178 4130 322 4203 tempore
343 4120 451 4202 Glycas
471 4120 679 4201 inpublicatus
700 4128 805 4195 creat,
835 4117 1036 4182 Constantino
1058 4139 1130 4182 mor
1152 4115 1259 4181 sabse-
