2742 4617
449 227 661 294 manum
690 157 793 294 etus
821 231 874 292 lv.
1099 205 1185 310 tos

102 381 166 460 ἐμὲ
183 368 207 461 ἢ
225 376 384 442 τοσσάτιον
409 378 539 463 βρτφάν
566 375 857 464 καταψηφισασδαι
878 373 1053 446 δάνοτον.”
1092 386 1188 472 δφίρ

101 480 165 541 καί
182 475 296 550 νοκτάς
320 477 509 562 ἐφίστανται
532 476 622 566 αὐτῷ
640 473 671 540 οἱ
699 477 865 542 siniscalus
886 477 1027 562 λέγοντος
1047 483 1104 549 τὸν
1122 483 1193 552 δαί·

103 597 226 642 σκοπον
246 578 436 660 Σίλβτστρον
461 578 604 641 καλέσαι.
647 583 788 642 καλεῖται
807 569 864 640 οὖν
883 575 901 640 d
922 571 1034 662 άγιος,
1054 585 1110 648 καί
1127 588 1190 666 βα.

100 680 220 752 παίσας
250 673 351 739 odada
377 677 434 758 τῆς
465 677 583 758 λέπρας
609 677 784 759 ίλουδτροῖ.
832 667 908 742 o‘di
937 680 1037 762 μάγος
1055 675 1218 768 derepere

64 775 258 840 ὄτοσοάτον
275 769 356 858 ὑπὲρ
376 774 511 850 πίστεως
526 775 700 858 ἤγανιλτατο
720 769 764 851 uic
783 777 840 840 καί
859 776 961 842 πάντα
981 783 1191 864 μεταποιῆσαι

99 871 144 940 τά
166 871 282 956 ἔθιμα,
316 870 453 955 τετράδα
480 872 536 938 καί
561 871 941 960 superadnumeretur
962 877 1190 966 καδκυριακὴν

98 975 232 1057 α’ργείν,
264 972 339 1050 τοδς
369 973 540 1052 Ἰουδαίους
567 974 688 1050 οἰκέτας
713 970 761 1058 μὴ
790 974 957 1060 aarum,
986 979 1042 1042 καί
1059 983 1190 1067 σταυρῷ

99 1075 217 1157 μηκέτι
235 1070 507 1150 καταδικάζασδαί
527 1097 599 1138 τινα
622 1070 676 1138 διά
700 1071 735 1140 sd
757 1071 837 1157 πρὸς
852 1071 906 1140 τάν
922 1077 1027 1158 τιμιον
1046 1075 1189 1161 σταυρδν

97 1174 161 1236 τοῦ
181 1175 325 1257 Χριστοῦ
343 1173 451 1255 σδβας.
497 1172 576 1254 μετά
606 1175 669 1239 τάν
687 1165 793 1238 datas
822 1175 858 1239 di
872 1176 930 1240 aad
948 1175 1008 1252 τάς
1024 1178 1078 1262 τῆς
1097 1171 1189 1262 ἑβδο-

43 1271 205 1354 τομάδος
223 1267 345 1357 ἡμέρας
363 1269 586 1355 μετονομάζει,
614 1271 678 1338 dni
701 1270 829 1356 Κρόνου
849 1271 906 1339 καί
917 1267 1031 1362 'Apsos
1049 1273 1106 1342 καί
1123 1279 1188 1344 τάν

98 1372 382 1457 λοιπῶνάστάροον
407 1374 640 1455 ὀνομαζομένας
656 1370 693 1438 τά
716 1372 876 1457 πρότερον.

181 1467 228 1537 Ἦ
249 1467 440 1553 μίνισιτοῦ
463 1471 603 1556 μεγάλου
626 1471 763 1556 σάζυγος
785 1475 919 1540 ustam
937 1471 1079 1562 θυγάτηρ
1101 1478 1183 1543 Μα.

99 1573 261 1654 ξιμιανοά,
282 1567 322 1657 ἢν
339 1572 374 1636 ἐν
391 1575 512 1661 λουτρῷ
533 1570 677 1658 πυράδει
693 1571 752 1655 τήν
766 1569 875 1656 ψυχήν
888 1574 1066 1660 ἀπορρῆξαι
1085 1585 1212 1646 noscit}

98 1671 138 1736 sd
170 1673 208 1736 di
239 1668 339 1736 αἴτιον
370 1669 561 1756 δπράγονος
588 1665 687 1755 αάτῆς
717 1673 878 1756 Κρίσπος,
907 1669 944 1738 δν
965 1677 1001 1740 ἐκ
1022 1680 1182 1760 παλλακῆς

47 1767 196 1854 stringas
222 1770 240 1834 d
270 1775 379 1854 μέγας.
428 1767 484 1835 τάν
507 1773 616 1853 μέντοι
647 1774 886 1836 Κωνσταντῖνον
913 1768 1103 1841 Κάνσταντα
1129 1779 1222 1853 suiv,
1236 1814 1282 1872 ¹9²

100 1871 323 1936 Κανστάνιιον
355 1871 390 1934 ἐκ
424 1873 624 1952 Magnesiae.
641 1867 718 1954 ἔσχε
749 1871 910 1956 θυγατρὸς
942 1876 1182 1958 Assenserunt.

98 1971 137 2034 dr
155 1969 192 2033 dd
210 1992 247 2054 ys
266 1971 310 2058 τῷ
333 1972 527 2060 Καπιτωλιλρ
551 1967 674 2053 ‘Prinne
694 1965 730 2034 ἔν
749 1991 812 2035 τινι
841 1969 1014 2037 καταδύσεο
1033 1973 1183 2056 βαδμοδς

99 2069 217 2158 ἐχούσῃ
236 2069 293 2147 τξέ
322 2068 448 2154 δράκων
475 2061 515 2155 ἦν
534 2067 668 2145 πολλοάς
694 2071 840 2151 βλάπτων
857 2073 901 2158 τῷ
927 2066 1109 2156 φυσήματι,
1131 2069 1183 2139 dra

98 2171 158 2254 τῆς
177 2169 380 2245 καταδύσεως
399 2173 612 2252 παρέκυπτεν·
654 2167 693 2233 δν
713 2167 731 2232 d
753 2171 852 2251 μέρος
874 2166 1062 2253 Σιλβοστρος
1081 2168 1181 2236 ἔκλει-

47 2284 155 2334 αοσαν
173 2272 274 2336 intes
293 2271 517 2352 παρακληθείς.
570 2265 651 2348 μττά
674 2269 711 2333 δέ
728 2291 764 2351 ys
790 2266 826 2332 τά
848 2271 963 2350 θαῦμα
983 2269 1081 2336 ἐκεῖνο
1101 2265 1180 2354 ὅπερ

99 2367 155 2435 ἐπί
186 2369 231 2458 τῷ
258 2366 357 2456 άγρίρ
386 2365 494 2456 ταάριρ
528 2369 692 2452 νιτποάμιν
722 2365 967 2455 άΣιλβτστρος,
991 2367 1083 2454 ἡνίκα
1098 2368 1179 2453 μετά

171 2528 216 2624 sl.¹
227 2554 360 2624 liptanas
369 2551 484 2608 codices.

99 2709 252 2779 „praestat”
269 2709 363 2779 lnquit
378 2725 439 2773 ,me
456 2707 509 2762 lsoe
530 2709 612 2762 modo
630 2710 775 2764 excruciari
801 2695 880 2780 quim
898 2716 940 2764 tot
956 2708 1073 2764 inientes
1093 2711 1179 2767 inter-

98 2781 168 2834 fici?
187 2790 354 2852 quapropter
371 2787 453 2832 noctu
472 2779 525 2832 sibi
541 2780 633 2832 sidere
654 2782 728 2834 visus
743 2790 785 2834 est
802 2781 937 2834 adstantes
955 2781 1109 2851 apostolos,
1129 2787 1182 2856 qui¹

97 2861 242 2904 monerent
269 2860 301 2903 ut
316 2851 478 2904 silvestrum
493 2852 643 2904 antistitem
669 2859 823 2904 emanasset.
849 2853 872 2904 is
900 2869 961 2904 cum
979 2851 1125 2922 perductus
1142 2853 1179 2908 ad

98 2921 306 2976 Constantinum
333 2930 418 2985 esset,
445 2920 623 2991 baptissatum
650 2921 725 2991 lepra
748 2922 882 2975 liberavit
901 2939 933 2974 en
950 2938 1005 2993 qno
1024 2939 1089 2975 sane
1108 2934 1179 2978 tem.

98 3010 165 3078 pore
181 3009 293 3062 magnus
311 2991 356 3044 hic
371 2992 519 3062 imperator
545 3001 689 3061 tantopere
714 2992 795 3044 fidem
816 2995 1014 3064 propugnavit,
1043 3001 1075 3046 ut
1096 2997 1178 3050 etiam

98 3081 156 3134 spss
173 3063 333 3134 praestanda
350 3065 499 3132 susciperet
516 3065 607 3116 omnia
623 3079 695 3133 quse
711 3063 741 3116 in
760 3081 833 3115 more
848 3063 1007 3116 Christianis
1024 3073 1066 3116 est
1083 3064 1177 3118 obser-

97 3151 165 3186 κατα.
183 3153 246 3188 nam
265 3143 294 3186 et
305 3142 401 3205 quarta
418 3134 485 3185 seria
505 3142 534 3186 et
548 3135 760 3204 praeparationis
772 3133 817 3188 die
829 3134 984 3202 ieiunabat;
1001 3135 1075 3186 omni
1093 3153 1177 3206 opere

98 3205 141 3257 die
158 3206 295 3258 dominico
312 3203 441 3271 vacabat3
458 3204 594 3274 mancipia
613 3204 706 3256 ludaei
725 3221 759 3256 ne
776 3203 904 3275 deinceps
916 3214 1037 3258 emerent
1053 3207 1176 3273 κιττίνοις

96 3276 130 3328 ad
148 3295 252 3329 crucem
271 3277 408 3328 neminem
425 3275 543 3345 amplius
560 3274 769 3339 condemnabat,
787 3285 818 3328 ut
830 3277 973 3398 pretiosae
991 3277 1175 3332 cruciChristl

97 3348 250 3417 religiosum
267 3347 341 3399 hunc
360 3347 491 3399 honorem
513 3345 642 3400 deterret.
661 3347 735 3398 inter
753 3347 805 3398 ella
850 3345 926 3398 iebus
945 3346 1027 3400 etiam
1047 3349 1175 3417 septima-

97 3435 160 3482 nae,
179 3420 227 3490 qui
245 3418 321 3488 prius
340 3415 629 3481 asaturnn,l1arte,
652 3416 785 3470 sideribus
802 3417 915 3472 cacteris
935 3427 1173 3489 nuncuparentur,

95 3490 158 3540 alias
176 3491 376 3560 appellationes
393 3487 496 3540 indidit

162 3563 277 3612 Uxorem
307 3560 444 3622 Faustam,
473 3573 544 3628 qnae
567 3557 726 3611 Maximiani
750 3566 807 3610 erat
823 3558 897 3621 iilia,
923 3558 951 3610 in
975 3556 1073 3610 balneo
1092 3575 1173 3629 supra

96 3629 201 3683 modurn
228 3631 340 3683 calinas
364 3630 480 3682 necarit.
507 3630 566 3682 eius
586 3645 665 3680 causa
686 3629 740 3682 suit
755 3629 870 3693 Priscus,
886 3628 1000 3681 Faustae
1018 3629 1172 3698 privignus,
1256 3647 1259 3654 ’

97 3701 131 3750 ob
147 3717 276 3753 novercae
303 3701 505 3753 criminationes
527 3699 699 3764 interiectus,
725 3717 806 3770 quem
828 3700 1020 3752 Constantinus
1039 3716 1055 3751 e
1072 3716 1173 3754 concu-

97 3771 159 3822 bina
174 3773 329 3825 sustulerat.
357 3773 429 3824 lilios
447 3778 537 3822 autern
556 3771 691 3840 reliquos,
720 3769 928 3824 Constantinum
948 3771 1123 3824 Constantem
1142 3781 1172 3826 et

96 3842 293 3908 Constantium,
326 3859 361 3895 ex
375 3842 522 3894 Maximine
541 3842 704 3894 Diocletiani
726 3841 782 3894 lilia
808 3843 934 3912 suscepit.
961 3849 1097 3900 caeterum
1117 3843 1171 3896 hoc

95 3921 212 3982 tempore
233 3914 351 3966 Romano
376 3914 406 3966 in
425 3912 562 3982 Capitolio
580 3912 689 3982 qnidam
707 3921 765 3965 erat
780 3911 882 3977 draco,
900 3910 1010 3972 abditus
1029 3915 1057 3966 in
1077 3921 1170 3978 antro,
1288 3921 1292 3928 '

95 3985 165 4035 cuius
186 3983 332 4036 descensus
357 3985 409 4038 365
441 3983 539 4054 gradus
563 3981 692 4036 hahebat.
718 3983 741 4034 is
764 3983 864 4036 multos
889 3983 1016 4036 mortales
1039 3983 1170 4040 laedebat

95 4053 187 4106 adflatu
210 4070 278 4118 ιυο,
297 4053 447 4126 siquando
465 4064 541 4108 extra
559 4053 630 4106 iliud
653 4063 760 4106 antrum
772 4063 969 4182 prospectaret.
989 4053 1038 4106 sed
1055 4072 1168 4124 magnus

93 4127 138 4180 ille
156 4126 285 4187 Silsester
302 4143 363 4182 eum
381 4134 487 4200 rogatas
502 4124 607 4182 ibidem
627 4125 750 4182 otdusit
792 4125 872 4184 riade
887 4135 949 4201 post
966 4124 1069 4182 eslitnm
1084 4127 1167 4182 mira·
