2742 4617
438 305 647 386 aaatnun
677 309 778 371 nans
810 310 849 370 u.
1090 281 1176 393 309

99 463 186 548 ι’ίιλιορ
208 459 339 546 ἔβλυσεν
359 454 511 546 ἄφθονον.
554 453 626 524 ὅθεν
647 461 665 544 ίγ
686 457 818 544 ιοιαιίτη
838 456 917 543 πηγη
933 461 1029 543 μέχρι
1048 463 1103 525 καί
1123 461 1177 540 τη-

98 585 196 648 μερον
212 565 250 626 ἐν
276 570 343 634 τοῖς
364 557 559 642 προαστείοις
577 556 860 639 Ἔλευθεροπόλιιος
887 561 1050 642 φαίνεται,
1070 559 1178 642 cenysi-

98 684 153 737 νος
173 659 424 740 εἰιονομοζομένη
448 653 541 739 πηγή.
585 653 602 718 o‘
622 659 679 738 μὲν
708 651 766 718 οὖν
785 654 936 738 Ἰώσηπός
954 681 1050 740 φησιν
1072 682 1116 721 οτι
1139 646 1179 742 ιῇ

100 759 199 846 οίκείιγ
221 754 354 838 δυνάμει
375 759 429 818 καί
459 755 498 818 aei
521 757 563 842 aqi
586 758 649 840 θεῷ
668 753 726 838 ιη“ν
744 758 831 837 νίκην
853 753 1107 836 ἐπιγραψάμενος
1129 760 1176 819 δι-

70 859 203 940 §uiuat
221 853 301 919 uacci
322 851 401 917 nolti
425 852 670 938 συγκεχώρηται.
713 850 794 934 πλὴν
813 848 990 927 ὄιοσοῦιος
1010 851 1066 936 την
1085 851 1178 935 ι’σχύν

100 952 162 1018 aiud
193 951 337 1036 γυναικὸς
367 955 500 1036 κατέστη
528 957 669 1033 παίγνιον
698 945 840 1032 ὕστερον.
885 951 964 1032 μετὰ
991 955 1091 1034 ταῦτα
1117 953 1178 1033 γὰρ

99 1050 242 1136 ἠγάπησε
264 1051 320 1135 την
340 1054 374 1115 ἐκ
395 1053 620 1116 Παλαιστινοόν
637 1047 787 1127 Δαλιλιίν,
809 1046 879 1132 ἥτις
898 1049 984 1134 παρὰ
1009 1056 1069 1114 τῶν
1090 1052 1180 1115 ἄλλο·

100 1149 211 1237 φίλων
239 1153 502 1236 δωροφορηθεῖσα
538 1147 627 1232 ἠξίου
664 1145 760 1212 αὐτόν
790 1150 921 1225 ἐξειπεῖν
955 1149 1035 1235 αὐτῇ
1063 1153 1097 1216 ἐν
1118 1156 1180 1214 τίνι

100 1249 248 1333 τυγχάνει
270 1250 290 1332 ἦ
313 1249 406 1331 ι’σχίις
426 1248 539 1312 αὐτοῦ.
560 1245 615 1310 καί
643 1245 678 1322 ὃς
699 1248 918 1328 πορελογίζειο
937 1253 996 1328 μὲν
1017 1249 1116 1331 ου’τὴν
1139 1248 1178 1312 ati

53 1353 231 1434 ιοπριόια,
263 1351 360 1431 λέγων
395 1345 472 1429 ,βάν
510 1343 633 1430 δησιοσί
647 1369 687 1426 με
709 1347 743 1408 ἐν
771 1339 850 1407 ἑπτὰ
871 1350 1053 1427 κληματίσιν
1068 1344 1213 1430 ὑγραΐςΡ.
1226 1361 1272 1413 165

101 1442 199 1532 ἤγουν
223 1453 366 1528 νευραῖς,
397 1443 557 1526 ricardum,
587 1444 643 1508 καί
668 1443 781 1521 alopas
807 1443 850 1517 ὥς
882 1439 928 1519 εἷς
960 1449 1023 1508 τῶν
1052 1443 1179 1526 dudod-

101 1549 199 1611 πιον.”
239 1545 293 1609 καί
326 1543 362 1626 δη
392 1547 534 1624 λαβοῦσα
571 1540 684 1628 νευρὰς
714 1543 823 1623 ἔδησεν
851 1540 962 1623 udaia,
991 1538 1050 1607 εἷθ’
1079 1539 1179 1619 οὕτως

101 1645 233 1730 ἐβόησεν
254 1645 448 1728 ,,ο’λλὸφυλοι
471 1643 524 1706 ἐπί
543 1645 579 1705 σὲ
595 1641 767 1723 supuda?
807 1644 862 1705 καί
881 1638 915 1717 ὃς
936 1641 1074 1717 οἷναστοὶς
1095 1645 1178 1727 ιλιέρ-

102 1751 195 1828 ρηξεν
215 1739 323 1817 αὖτίς.
365 1746 634 1824 παρολογισθεϊοα
657 1733 713 1803 οὖν
733 1744 864 1804 ἐνέκειτο
871 1790 880 1820 ,
901 1740 955 1804 καί
974 1735 1070 1814 αὖθις
1090 1743 1178 1822 η’ξίου

56 1847 220 1924 ιόμοθεῖν
250 1837 325 1908 iasa
354 1839 375 1924 ἡ
408 1837 500 1920 ιὀχύς
528 1841 625 1926 αὐτῷ.
678 1836 734 1901 καί
754 1836 788 1912 ὃς
814 1841 943 1901 α’παιοῖν
963 1838 1058 1920 αὐτην
1078 1837 1179 1920 ἔλεγεν

103 1939 183 2024 „alo
203 1936 374 2026 δησιοσίμε
394 1941 427 2003 ἒν
441 1933 518 2002 ἑπτὰ
533 1939 697 2011 καλωδίοις
714 1939 870 2014 ιίθιλιιοις,
890 1939 1026 2015 ἐκλείψει
1048 1937 1067 2018 ἡ
1089 1935 1180 2018 ι’σχύς

103 2042 199 2122 paud
255 2035 427 2122 ποιησάσης
457 2028 512 2100 οὖν
532 2041 586 2100 καί
606 2039 697 2100 τοῦτο
705 2085 715 2115 ,
736 2034 791 2098 καί
809 2035 964 2118 βοησὰσης
984 2034 1180 2120 ,,οἷλλόφυλοι

104 2141 160 2204 ἐπί
193 2140 229 2202 οὲ
249 2139 427 2218 Σαμψών,”
456 2136 615 2219 διέρρηξεν
644 2132 722 2198 ariaci
747 2137 943 2216 παραχρῆμα
965 2137 1079 2198 ἐκτῶν
1101 2139 1179 2215 βρα-

104 2233 223 2319 χιόνων
244 2237 352 2302 uarat.
407 2231 501 2298 acilia
522 2228 578 2297 adu
609 2229 755 2315 ἀξιούσης
775 2233 869 2314 αυίης
889 2231 991 2313 ἔλεγεν
1010 2231 1087 2312 υιέιὶν
1105 2231 1207 2305 rodet!

57 2333 187 2404 τοὶιιτίι
213 2336 407 2416 βοστρύχους
434 2337 489 2417 τῆς
521 2335 660 2417 κεφαλῆς
683 2355 746 2412 μου
767 2333 936 2404 διεστῶτος
964 2325 1018 2392 ἀπ’
1038 2329 1218 2413 ἆλληλωνλί.
1234 2341 1280 2392 128

108 2433 163 2500 ἐπί
180 2431 349 2502 πασσάλων
369 2430 500 2522 ἐπιλησης
519 2431 572 2496 καί
591 2431 644 2496 ἐπί
660 2431 716 2496 aad
735 2430 842 2513 τοίχου
864 2426 1062 2519 προσπὴξης,
1084 2427 1179 2494 ciuis-

110 2725 223 2778 solatur.
243 2725 343 2794 quippe
363 2725 397 2776 de
416 2725 532 2788 maxilla,
551 2741 631 2794 quam
652 2725 796 2788 abiecerat,
812 2725 905 2791 ingens
923 2739 1008 2793 aquae
1026 2723 1103 2790 eopia
1121 2739 1184 2792 pro-

109 2795 238 2849 manavit.
256 2803 337 2863 atque
357 2795 401 2858 lqic
420 2795 479 2847 funs
498 2797 526 2845 in
547 2795 707 2846 hodiernum
726 2810 810 2864 usque
832 2794 904 2844 diem
921 2795 949 2844 in
969 2790 1186 2860 Eleutheropolis

109 2865 240 2919 suburbio
267 2867 431 2934 conspicitur
459 2873 487 2916 et
508 2865 578 2916 Fons
605 2866 730 2916 maxillae
750 2874 927 2934 nuncupatur.
953 2873 1035 2932 atque
1054 2863 1106 2914 hoc
1125 2863 1186 2912 loco

109 2935 240 3004 Iosephus
257 2937 312 2998 ait,
331 2934 405 3004 quod
422 2935 476 2986 suis
497 2935 604 2998 viribus,
622 2953 676 2986 non
694 2934 745 2986 deo
763 2935 901 2988 victoriam
918 2943 1054 3002 acceptam
1071 2934 1186 2996 tulisset,

111 3015 186 3058 tanta
203 3006 248 3058 alti
269 3021 326 3056 esse
338 3013 469 3056 vexatum.
488 3005 536 3056 sed
555 3007 625 3056 enim
644 3014 718 3057 tanto
730 3006 772 3056 vir
791 3013 928 3075 praestana
946 3005 1040 3057 robore
1060 3004 1187 3072 deinceps

111 3075 192 3128 unius
221 3075 395 3126 mulierculae
425 3085 506 3146 opera
525 3077 671 3127 cunctisse
691 3075 868 3127 deridendum
887 3075 1019 3146 praebuit„
1036 3092 1097 3125 nam
1113 3071 1187 3124 haud

111 3147 199 3198 multo
217 3155 280 3215 post
297 3162 387 3196 amore
405 3146 511 3197 Dalilae
535 3147 703 3198 Palaestinae
721 3156 813 3214 eaptus
836 3155 891 3209 est,
915 3163 984 3214 quae
1004 3145 1038 3195 ab
1059 3145 1188 3212 alienige-

111 3217 156 3268 nis
174 3215 329 3267 maineribus
359 3225 483 3286 corrupta
501 3216 611 3284 petebat
630 3217 662 3268 ab
689 3233 723 3268 eo
741 3224 771 3268 ut
788 3217 839 3267 sibi
860 3216 1005 3277 fateretur,
1024 3231 1141 3282 quonam
1159 3215 1188 3264 in

112 3285 234 3338 membru
265 3287 345 3336 situm
364 3286 445 3337 robur
466 3285 534 3337 illud
551 3287 670 3338 haberet.
698 3298 754 3339 tum
773 3286 819 3336 illc
836 3285 976 3336 nudierem
993 3285 1073 3335 initio
1091 3285 1190 3334 fallens

114 3358 156 3420 „si
174 3373 217 3408 me
235 3356 274 3407 tui
293 3357 518 3408 constrinxerint’
534 3357 574 3408 ait
590 3365 711 3425 „septem
731 3358 819 3408 nervia
838 3356 974 3417 humidis,
992 3356 1062 3406 vires
1080 3370 1122 3403 nae
1142 3354 1191 3402 dc-

115 3429 243 3488 stituent‚
263 3427 412 3496 similisque
430 3428 542 3478 caeteris
555 3427 713 3477 mortalibus
732 3429 802 3477 τισί·
822 3427 869 3476 illa
889 3443 952 3476 reru
972 3424 1085 3491 sumptis
1102 3424 1192 3473 nervis

115 3497 251 3548 huminem
273 3498 445 3559 constrinxit,
466 3515 497 3547 ac
525 3496 623 3548 deinde
641 3498 782 3548 clamorem
802 3497 892 3547 verbis
913 3496 986 3545 hisce
1006 3494 1116 3544 stastulit
1135 3495 1192 3561 (lu-

116 3567 166 3618 dic.
191 3567 223 3616 16
238 3569 266 3637 9)
293 3567 479 3635 „alienigenae
499 3575 524 3618 te
543 3565 690 3628 invadunt,
710 3567 826 3616 Samso.''
844 3567 941 3634 quibus
959 3563 1060 3614 auditis
1077 3565 1193 3614 surrexit

117 3647 144 3688 et
164 3653 259 3688 nervos
278 3637 411 3688 laceravit.
430 3645 593 3708 quapropter
612 3635 659 3686 illa
677 3637 790 3706 decepta
808 3654 898 3687 rursus
915 3635 1049 3684 hominem
1067 3632 1194 3702 precibus

116 3723 228 3775 urgere,
254 3709 377 3776 scireque
399 3725 496 3775 cupere
517 3723 649 3776 quaenam
672 3715 743 3758 esset
762 3706 837 3757 illius
856 3705 958 3756 roboris
977 3721 1065 3753 cauea.
1101 3703 1194 3754 Sanno

115 3787 208 3828 contra
226 3777 352 3828 sentinam
370 3777 479 3841 fallere,
500 3794 530 3827 ac
548 3777 663 3827 vicissim
690 3776 792 3838 dicere,
810 3777 832 3826 si
850 3793 878 3825 se
899 3773 1009 3825 funibus
1031 3781 1132 3841 septem
1153 3790 1194 3823 re-

116 3847 240 3898 centibus
262 3857 289 3898 et
307 3847 411 3898 nullutn
431 3846 466 3898 ad
486 3863 560 3898 nsum
576 3847 708 3898 adhibitis
725 3847 898 3913 colligarent,
916 3845 985 3894 vires
1003 3861 1064 3894 suas
1083 3846 1195 3894 omniuo

117 3918 276 3968 defecturas.
295 3935 353 3968 cum
372 3917 520 3968 lancellam
539 3916 587 3968 illa
604 3917 712 3968 fecisset
724 3927 752 3968 et
769 3916 940 3968 inclamasset
961 3913 1146 3982 „alienigenae
1168 3924 1196 3965 te

116 3987 261 4051 invadunt,
278 3988 402 4050 Samso,”
420 4003 481 4038 mox
504 3987 580 4038 l'unes
598 3986 754 4056 discerpsit,
780 3987 879 4056 quibus
898 3994 973 4035 erant
994 3986 1050 4036 eius
1070 3986 1195 4054 colligata

116 4058 235 4110 brachia.
255 4075 314 4108 cuna
334 4074 421 4108 rursus
441 4057 521 4125 igitur
547 4057 616 4108 idem
636 4073 667 4108 ea
685 4074 718 4108 eo
737 4064 887 4126 quaereret,
907 4055 1060 4122 respoudit,
1079 4058 1102 4108 si
1122 4057 1193 4121 capi·

116 4129 153 4184 tis
172 4129 213 4180 sui
233 4129 371 4180 cincinnos
389 4127 487 4178 divisos
505 4128 585 4178 clavia
604 4127 726 4195 alligaret
745 4145 775 4178 ac
797 4126 893 4195 parieti
913 4124 1056 4192 mitigaret,
1078 4125 1195 4176 debilem

118 4215 148 4250 se
166 4197 285 4251 futurum
303 4197 470 4269 reliquisque
482 4196 639 4252 mortalibus
658 4197 831 4252 consimilem.
849 4213 940 4250 uerum
959 4211 992 4247 ne
1010 4205 1067 4248 tum
1086 4196 1197 4266 quidam
