2742 4617
345 263 349 273 -
443 233 655 300 ιααιιιυα
683 233 786 318 eius
814 237 841 298 ι.
1096 235 1177 321 ατη

188 387 336 461 Omittit
363 385 425 466 μὲν
457 377 530 464 οὖν,
560 381 606 459 ὥς
633 388 834 470 προείρηται,
863 383 919 449 καί
936 383 1125 448 διοικεῖσθαι
1144 381 1264 466 τόῊφ

102 477 254 569 ἡμέτερον
286 484 380 563 σῶμα
401 481 457 546 καὶ
485 479 686 564 θιεξάγεσθαι
707 477 942 566 συγκεχώρηται
962 480 1086 556 πάντως
1106 485 1184 564 παρ’
1241 527 1244 538 .

101 585 206 648 αὐτοῦ
226 584 285 646 τοῦ
306 577 456 648 δεσπότου
477 585 534 665 τῆς
554 581 692 667 φάσεως.
739 585 770 646 εί
788 579 832 665 μη
855 581 913 665 γάρ
935 587 1027 646 τοῦτο
1048 575 1103 666 η’ν,
1124 585 1182 646 ουίι

102 677 146 747 dr
164 677 185 766 ἦ
204 685 260 766 τῆς
279 683 362 763 ζωῆς
378 680 470 764 ἡμῶν
482 675 631 756 οάστασις
645 683 700 745 sur*
719 679 812 764 οἷέρος
833 677 947 768 ἔχρῃζε
961 685 1107 763 καθαροῦ
1128 683 1185 746 κατ’

72 779 229 848 bidricus
249 781 374 844 dcerdcis
398 776 495 843 τόπου
513 803 548 844 το
568 778 709 862 άγιεινοῦ
737 781 794 844 καί
812 777 1011 864 natalitius
1030 776 1183 856 άσαάτως

98 884 233 964 βρωτῶν
251 880 436 960 salubreis.
477 879 547 943 ἀλλ’
567 875 629 963 ὅρα
649 878 707 963 την
728 881 786 947 τοῦ
807 881 887 944 θεοῦ
906 881 1039 965 σοφιάν,
1062 881 1213 965 α’γαπη-ι)

98 984 153 1060 τὲ,
173 976 208 1044 τί
221 1003 258 1062 γι
277 982 332 1044 κατ’
351 981 555 1064 φνσιολογιας
584 978 698 1061 μικρὸν
717 976 879 1062 ἅψασθαι.
921 979 973 1043 ἵνα
990 976 1053 1064 γάρ
1073 975 1118 1061 μὴ
1139 977 1179 1044 τοὶ

100 1076 298 1164 καιριώτατα
325 1081 383 1143 τοῦ
408 1075 554 1159 σώματος
577 1077 668 1162 ἡμῶν
700 1076 799 1161 μόρια
828 1081 884 1144 καί
916 1086 986 1154 ταῖς
1010 1079 1181 1160 τυχούσαις

99 1173 281 1264 προφάσεσι
298 1175 595 1260 καταβλάπτωνται,
611 1176 826 1262 πολυτρόπως,
844 1172 887 1254 ὥς
906 1178 1104 1262 προείπομεν,
1125 1180 1183 1242 κατ’

49 1300 92 1344 so
100 1277 277 1352 πολυειδῶς
295 1279 502 1362 ἠσφαλίσατο.
543 1277 660 1343 αὐτίκα
679 1275 740 1362 γάρ
761 1277 817 1362 τήν
837 1274 976 1364 κεφαλήν
994 1277 1103 1361 ἡμῶν,
1123 1272 1180 1340 rire

101 1375 145 1460 δὴ
177 1375 235 1441 τὸν
260 1377 431 1460 ἐγκέφαλον
463 1373 563 1442 αιίτάν
592 1381 802 1461 περιέχουσαν
833 1379 867 1444 ἐν
901 1365 926 1466 ᾧ
956 1372 994 1442 τά
1023 1379 1077 1460 τῆς
1099 1378 1180 1458 ζωῆς

98 1471 195 1560 ἧμιάν
222 1476 458 1559 περιείληπται,
483 1479 539 1540 ταί
554 1479 644 1557 θριξὶ
668 1473 879 1560 κατωχάριοσο
904 1476 959 1540 καί
980 1472 1097 1550 ὀστέοις
1115 1471 1177 1559 πρὸ

98 1574 221 1638 τούτων
237 1582 389 1658 στερροῖς.
426 1569 557 1638 άπαλὸν
572 1576 607 1638 dl
629 1571 649 1656 ἧ
672 1573 770 1659 φάσις
783 1576 900 1638 ’τοῦτον
915 1574 1075 1658 ἐποίησεν,
1094 1575 1179 1638 ἕπει·

99 1671 231 1757 θηταῖς
252 1671 422 1756 αἰσθήσεσι
442 1669 559 1748 πάσαις
586 1670 681 1747 αὐτὸς
699 1682 834 1756 χορηγεῖ
846 1670 906 1748 τάς
923 1669 1032 1757 πηγάς.
1073 1671 1124 1736 ἵνα
1143 1673 1179 1736 δὲ

50 1768 145 1858 15μὴ
166 1773 205 1860 τῇ
225 1769 408 1857 στερρότητι
426 1775 486 1837 τῶν
509 1769 610 1838 dordr
632 1771 873 1857 σοντριβόμενος
891 1775 967 1855 περί
982 1769 1039 1856 την
1062 1773 1179 1836 σι’κείιιν

96 1861 274 1956 βλάπτηται
294 1870 409 1957 φάσιν,
430 1866 550 1948 άπαλάς
571 1873 626 1937 καί
644 1867 727 1956 γάρ,
749 1874 826 1936 δυσί
842 1870 983 1956 μηνιγξιν
1004 1865 1103 1936 αάτόν
1123 1893 1179 1935 πε-

99 1973 244 2054 ριέλαβε,
278 1968 334 2034 scd
359 1971 491 2047 rasitare
512 1965 572 2053 σάχ
600 1967 706 2046 dulcio
718 2021 728 2053 ,
751 1971 822 2036 ἀλλ’
841 1970 947 2057 ἁπαλῇ
963 1973 1022 2053 μὲν
1043 1963 1122 2057 odon
1141 1971 1274 2056 τῇΡ.ιι5

97 2067 219 2136 ἔσωθεν
237 2069 292 2135 διά
312 2093 350 2154 ye
368 2067 426 2155 την
444 2073 502 2136 τοῦ
522 2067 697 2155 ἐγκεφάλου
720 2067 900 2136 ἀνάπαυσιν
907 2119 917 2150 ,
936 2071 1122 2156 στερροτέρρ
1143 2071 1178 2132 δὲ

96 2168 195 2232 πάλιν
216 2171 255 2256 τῇ
284 2165 422 2250 ἔξωθεν,
450 2169 493 2244 ὥς
523 2170 673 2235 ἐντεῦθεν
693 2163 792 2255 άμφω
813 2166 1053 2254 φυλάττεσθαι·
1097 2162 1178 2234 οὕτω

46 2269 157 2354 πομὲν
181 2261 239 2334 oin
257 2266 314 2333 καί
343 2268 397 2334 ε’πί
414 2271 468 2354 τῆς
489 2270 622 2353 καρδίαις
648 2270 797 2352 ἐποίησε,
818 2265 904 2332 καθά
929 2265 966 2352 δη
989 2263 1046 2332 καί
1064 2262 1081 2330 o‘
1097 2291 1180 2353 χρυ-

96 2368 266 2450 σορρήμων
282 2366 428 2451 Ἰωάννης
448 2372 560 2454 φησίν,
581 2368 702 2444 α’στὲοις
721 2371 781 2449 μὲν
800 2360 1055 2452 περικυκλοάσας,
1075 2391 1180 2452 παρα-

94 2469 167 2541 θτίς
187 2468 223 2531 δὲ
250 2465 334 2551 αάτῇ
361 2461 504 2550 καθάπερ
535 2463 659 2533 άπαλόν
689 2468 823 2552 στράμοι
851 2463 905 2530 τὸν
929 2461 1106 2549 πνεάμονο,
1127 2469 1179 2532 ἳνα

94 2563 142 2651 μη
157 2569 198 2655 τῇ
212 2565 384 2654 οἶειιιινησιρι
399 2566 454 2631 κατ’
471 2563 552 2654 αάτη
566 2576 629 2646 τοῖς
643 2560 762 2643 ὄστὲοις
775 2569 989 2654 συντρίβηται.
1009 2566 1088 2635 α’λλά
1102 2573 1178 2633 πολ-

167 2751 193 2804 8.
208 2749 369 2856 αοριηλτατα
386 2749 446 2804 corb
466 2751 572 2825 uliquis.
649 2753 704 2819 ⁴18.
721 2749 764 2826 γε]
783 2765 813 2806 τι
830 2751 858 2807 Ρ.
944 2751 988 2805 23.
1007 2747 1089 2826 silici]
1108 2746 1175 2805 άλλά

166 2837 215 2872 arus
233 2837 286 2874 το.

164 2974 334 3028 Naturaliter
351 2976 476 3048 quidem,
505 2993 555 3030 ceu
572 2975 705 3042 diximus,
723 2975 866 3046 gubernari
884 2975 995 3045 regique
1011 2989 1107 3044 eorpus
1127 2991 1179 3027 uo-

94 3053 180 3098 strum
200 3048 260 3116 ipse
277 3063 366 3099 rerum
394 3048 518 3100 domiuus
536 3049 639 3114 voluit3
657 3047 759 3118 absque
780 3064 835 3117 quo
855 3047 942 3109 soret,
960 3061 1011 3097 uec
1029 3051 1092 3098 aire
1108 3062 1177 3114 puro

95 3133 147 3168 nee
164 3119 242 3187 aquis
262 3118 408 3188 pellucidis
428 3136 481 3171 nec
500 3118 562 3170 loco
581 3118 683 3171 salubri
702 3135 752 3170 nee
769 3119 883 3188 rumptis
901 3117 1036 3187 pervices
1055 3115 1179 3168 esculen-

93 3187 131 3240 tis
149 3205 180 3239 ac
197 3190 351 3257 poculentis
373 3191 430 3241 vita
447 3199 538 3242 uestra
560 3187 701 3256 indigeret
720 3190 873 3250 eulmvero‚
899 3203 959 3240 care
977 3187 1033 3246 flii.
1051 3187 1093 3238 fec
1109 3185 1178 3238 divi-

93 3275 158 3309 nam
175 3257 243 3310 milri
261 3260 421 3329 sapientiam
443 3261 587 3323 intueare,
611 3259 746 3330 siquidem
772 3257 898 3311 nonnihil
924 3257 959 3310 de
975 3273 1064 3310 rerum
1081 3265 1178 3308 natura

94 3327 175 3380 nobie
193 3338 235 3380 est
251 3329 494 3382 commentandum.
513 3330 613 3382 etenim
632 3347 667 3382 ue
687 3331 803 3382 maxime
816 3328 978 3400 principales
996 3327 1177 3381 necessariae-

93 3415 149 3467 que
167 3401 286 3468 corporis
304 3403 390 3453 nostri
413 3410 503 3471 partes
516 3399 654 3471 quibusvis
670 3399 705 3453 de
726 3404 810 3452 musis
831 3399 1012 3461 laederentur,
1030 3406 1110 3467 caput
1126 3415 1177 3450 no-

89 3478 197 3532 strum,
212 3471 252 3520 uti
285 3471 361 3541 quod
384 3471 524 3524 cerebrum
550 3471 673 3523 eontinet
701 3487 755 3540 quo
781 3472 837 3524 rita
861 3476 953 3522 nostra
984 3475 1042 3520 tote
1066 3467 1176 3531 nititur,

90 3547 153 3592 tum
171 3541 276 3609 capillis
293 3551 351 3594 tum
368 3542 473 3595 ossibus
491 3550 599 3612 praeter
616 3541 679 3594 illos
697 3541 792 3594 solidis
812 3541 941 3612 durisque
958 3539 1081 3592 munivit.
1102 3555 1177 3590 cere-

90 3609 174 3662 brum
198 3612 286 3680 iprum
309 3622 406 3665 natura
431 3622 555 3666 tenerum
581 3612 659 3679 lecit,
687 3611 907 3682 quandoquidem
932 3609 1034 3662 eunetie
1054 3609 1176 3662 sensibus

91 3697 158 3732 suos
176 3683 252 3750 quasi
270 3683 360 3735 sontes
381 3684 546 3752 suppeditat.
573 3701 678 3736 rursum
695 3699 730 3734 ue
748 3691 804 3735 tam
823 3691 916 3735 tenera
941 3678 1090 3732 substantia
1113 3697 1177 3750 pro-

90 3758 155 3819 pter
177 3754 275 3803 ossium
301 3753 428 3805 duritiem
450 3755 543 3806 collisa
561 3755 637 3807 velut
659 3761 821 3806 attereretur
836 3771 868 3804 ae
886 3751 1076 3804 detrimentum
1095 3768 1176 3820 cope-

91 3829 150 3882 ret‚
168 3820 273 3874 duabus
295 3839 353 3875 eam
366 3817 528 3876 membranis
547 3832 589 3877 est
605 3824 761 3894 complexa,
784 3823 872 3893 iisque
890 3839 946 3874 non
966 3820 1046 3872 unius
1063 3823 1177 3892 generis,

91 3889 142 3942 sed
162 3890 292 3944 interiore
313 3894 520 3963 quidem'mulli
540 3894 575 3946 ob
603 3893 709 3948 cerebri
727 3894 860 3964 quietem,
879 3891 1011 3944 exteriore
1028 3908 1091 3945 vero
1109 3893 1176 3945 soli-

91 3959 184 4024 diori,
215 3979 270 4034 quo
293 3981 344 4034 per
368 3966 443 4017 illam
466 3966 607 4036 utriusque
633 3966 716 4018 saluti
739 3964 932 4016 consuleretur.
956 3961 1028 4014 idem
1045 3963 1075 4014 in
1094 3961 1175 4014 corde

90 4031 210 4095 factum,
228 4032 348 4086 Iohanne
368 4036 556 4104 chrysostomo
574 4043 657 4100 teste,
676 4034 750 4106 quod
771 4035 875 4088 ossibur
892 4031 1002 4104 quidem
1021 4033 1106 4092 cinxit
1126 4031 1175 4084 de-

89 4119 138 4154 us:
156 4098 207 4156 sed
223 4104 400 4158 nibilominus
431 4107 535 4166 eidam,
553 4108 629 4178 quasi
651 4115 773 4160 teneram
794 4104 930 4178 quandam
949 4111 1050 4160 vertam
1070 4111 1174 4172 stragu-
