2742 4617
496 860 559 922 an
592 856 837 923 orrsuun
939 851 953 957 J

280 1045 351 1121 ar
380 1042 703 1123 naumann
736 1044 1050 1165 artronum

398 1238 920 1336 PRAEFATIO.
1047 1320 1056 1341 ,

554 1477 775 1493 m

121 1608 301 1699 'Michaelis
331 1634 444 1722 Glycae
471 1636 619 1717 annales,
653 1658 736 1701 nnnc
767 1637 907 1723 primum
936 1646 1068 1723 utraque
1108 1638 1212 1723 lingua

125 1738 199 1799 orbi
220 1737 370 1821 cognitos,
393 1758 464 1799 curn
485 1738 543 1799 tihi
562 1738 662 1821 Regiis
689 1739 770 1824 typis
792 1748 999 1823 repraesento,
1022 1740 1140 1823 optime
1161 1740 1208 1801 le-

127 1844 221 1913 ctor,
239 1837 338 1897 nolim
359 1836 507 1900 existimes
528 1838 616 1898 unius
647 1836 804 1901 dumtaxat
828 1839 976 1902 historiae
996 1848 1051 1901 aut
1072 1838 1213 1902 chronici

125 1938 333 2020 scriptorem,
363 1937 465 2020 quales
487 1936 595 2000 codem
622 1940 686 2000 lere
709 1948 852 2021 tempore
875 1940 1034 2002 uberrimo
1056 1950 1213 2023 proventu

124 2036 234 2097 extulit
247 2034 388 2113 Graecia,
403 2035 569 2099 Iohannem
576 2038 739 2116 Zonarum,
755 2039 926 2121 Georgium
936 2038 1117 2117 Cedrenum,
1127 2040 1212 2101 Con.

125 2136 296 2197 stantinum
305 2138 473 2197 Manassem
485 2136 666 2220 similesque,
680 2137 733 2198 sed
747 2136 926 2221 theologum
940 2138 1040 2215 simul,
1057 2160 1214 2202 sacrariam

124 2235 304 2298 litterarum
331 2235 557 2317 interpretem,
585 2236 740 2299 medicum
772 2236 980 2320 naturalisque
998 2238 1142 2300 scientiae
1163 2238 1213 2298 in.

124 2336 309 2419 dagatorem
330 2335 562 2397 solertissimum
582 2335 728 2401 exhiberi.
752 2336 795 2397 ita
815 2336 897 2399 enim
912 2337 950 2398 ab
970 2336 1047 2399 orbe
1068 2335 1211 2417 condito,

126 2434 220 2519 quod
253 2444 285 2497 et
314 2434 366 2496 alii
393 2436 495 2497 faeere
515 2437 644 2519 aggressi
675 2444 763 2515 sunt,
794 2458 889 2521 usque
916 2433 955 2497 ad
972 2436 1093 2499 obitum
1115 2436 1211 2499 Alexii

124 2535 283 2596 comneni
312 2544 343 2597 et
372 2552 486 2597 annum
509 2534 624 2598 Christi
645 2536 803 2599 Mcxvm
828 2534 1077 2619 patriarcharum
1103 2558 1212 2620 regum

124 2644 227 2717 atque
248 2634 467 2717 imperatorum
498 2656 545 2699 res
566 2643 680 2719 gestas,
711 2634 935 2719 historiamque
967 2658 1090 2698 omnem
1107 2635 1212 2698 ludai-

124 2757 202 2797 eam
222 2736 388 2796 Romanam
409 2756 445 2796 ac
466 2734 836 2819 Constantinopolitanam
856 2735 1026 2818 pertexuit,
1047 2744 1084 2795 ut
1102 2734 1213 2797 eodem

122 2842 279 2897 contextu
300 2844 511 2897 controversas
541 2836 623 2898 inter
646 2834 808 2918 theologos
829 2834 1091 2919 philosophosque
1114 2856 1212 2919 qnae-

124 2934 244 2996 stiones
275 2934 455 3017 agitaverit,
485 2954 519 2996 ac
540 2932 578 2997 de
606 2937 697 2997 rebus
724 2934 865 2997 omnibus
887 2936 1018 3019 quaein
1040 2935 1125 2997 caelo
1142 2938 1214 2996 a'e're

126 3042 217 3097 terra
238 3054 276 3096 ac
295 3034 374 3095 mari
404 3036 499 3113 liunt,
524 3032 562 3096 de
586 3034 692 3097 avihns
711 3034 845 3118 piscihus
867 3034 1066 3112 animalibus,
1084 3032 1213 3096 homine

127 3144 225 3218 atque
245 3133 357 3217 angelis
377 3132 563 3211 disseruerit,
582 3142 728 3217 sequutus
747 3141 888 3195 veterum
910 3142 1036 3215 patrum
1061 3132 1213 3196 Eustathii

125 3234 232 3297 Basilii
252 3234 375 3318 Nysseni
385 3232 595 3319 chrysostomi
616 3234 753 3296 Sina'itae
761 3232 882 3297 Pisidae
901 3232 1096 3315 aliorumque
1117 3231 1212 3293 vesti.

127 3336 181 3418 gia
201 3357 237 3397 ac
255 3356 334 3417 pene
354 3334 466 3409 verba,
488 3332 543 3417 qui
571 3352 647 3416 opus
665 3354 715 3395 sex
734 3332 868 3411 diemnn
890 3332 977 3418 quod
997 3334 1116 3393 Graeca
1136 3351 1213 3393 voce

127 3435 343 3499 Hexaemeron
357 3432 460 3497 dicere
481 3433 623 3512 solemus,
641 3432 786 3517 singulari
801 3434 958 3517 diligentia
978 3430 1214 3495 concinnarunt.

211 3536 351 3597 Patriam
371 3533 484 3595 docent
503 3552 561 3594 mss
581 3530 722 3609 codices,
756 3534 811 3618 qni
830 3526 1019 3613 Σικελιώτην
1037 3537 1215 3593 constanter

130 3634 305 3717 appellant3
335 3656 394 3697 nec
417 3630 578 3696 abluderet
607 3630 746 3695 additum
764 3624 824 3697 roa*
843 3628 953 3695 stessi
971 3650 1165 3714 cognomen,
1187 3630 1214 3691 si

131 3736 252 3799 labente
273 3733 459 3798 duodecimo
482 3732 595 3796 Christi
617 3731 762 3813 saeculo,
784 3750 849 3819 quo
872 3731 979 3793 vixisse
997 3730 1081 3794 eirca
1098 3750 1213 3793 annum

130 3836 215 3897 MCL
233 3832 371 3911 ridetur,
390 3834 508 3894 Siculos
521 3832 641 3896 Dorica
662 3831 762 3893 aslhue
783 3830 913 3893 dialecto
935 3850 1003 3891 usos
1022 3831 1113 3893 titisse
1132 3850 1212 3891 con.

131 3942 237 3997 aurat
260 3933 398 4017 privatus
423 3954 461 3995 an
483 3933 513 3993 in
528 3932 709 4015 magistratu
725 3940 778 3991 ant
789 3930 944 4013 dignitate
956 3930 1057 4015 aliqua
1076 3928 1213 4013 publiea,

131 4032 260 4095 militari
283 4032 382 4096 aulica
412 4032 565 4094 lorensive
593 4040 739 4105 ornatus,
769 4030 949 4114 coniugatus
969 4052 1007 4092 an
1027 4028 1143 4091 caelebs
1163 4028 1213 4088 vi.

131 4132 231 4221 serit,
253 4132 344 4217 plane
368 4132 489 4205 nescim
519 4152 576 4197 nec
606 4130 747 4217 adspersa
773 4131 896 4217 singulis
919 4133 984 4196 tere
1003 4127 1122 4213 paginis
1142 4120 1215 4188 aiod⁴
