2742 4617
463 266 676 333 snmmmr
705 270 808 335 rsus
839 275 865 334 ι.
1152 246 1200 331 ι5

114 423 205 491 ἔνθεν
234 442 283 487 τοι
315 423 370 485 καί
399 421 525 505 σίφαινα
546 420 602 488 τὸν
622 424 766 490 τοιοῦτον
793 415 910 505 άνεμον
929 425 1083 491 καλοῦσι’
1120 426 1201 493 νατά

112 520 225 589 κὺκλον
245 545 279 587 τι
306 517 367 607 γάρ
398 516 530 585 εἱλεῖται
550 520 627 607 περί
660 523 720 608 τὴν
739 527 815 609 γῆν,
836 520 986 609 καὶπρὸς
1007 523 1066 609 τὴν
1086 528 1204 592 οίκείαν

111 616 214 698 αὑθις
236 616 476 701 ε’πανακάμπτει
507 614 631 705 άρχήν,
662 617 738 688 ὅθεν
758 621 814 687 καί
831 626 942 698 λιθους
964 625 1131 711 ἐφέλκεται
1150 628 1205 690 καί
1212 642 1236 692 1)

108 724 193 803 χοὺν
214 716 400 804 ε’πισὺρεται
432 722 489 785 καί
520 722 658 803 λέμβους
676 720 805 811 α’νασπρῖ
817 772 828 804 ,
864 720 948 806 dos}
971 721 1027 788 καί
1043 727 1078 791 ἐν
1099 718 1205 799 ἄλλοις

82 821 221 897 5τόποις
244 818 523 905 καταρρηγνύμενοι
543 823 660 903 θαῦμα
675 829 742 899 τοῖς
764 825 943 904 θεωμένοις
964 823 1132 904 ἐμποιοῦσι
1150 824 1207 889 καί

107 917 266 1007 ἔκπληξιν.
319 920 336 982 d
362 921 398 985 δὲ
419 918 569 1006 έκνεφιάς
591 912 707 1003 άνεμος
727 918 844 1003 ὑμοίως
864 919 980 1005 σχεδὸν
999 926 1042 1009 τῷ
1060 926 1202 1009 reperire·

106 1019 193 1104 πλὴν
216 1019 233 1083 ὑ
254 1016 364 1106 rupeis*
382 996 493 1105 ὑράται
517 1016 570 1083 ὑιά
600 1016 634 1085 τά
653 1022 936 1109 παχυμερεστέραν
956 1016 1069 1087 οὑσίαν
1088 1025 1124 1087 έκ
1145 1024 1204 1087 τοὺ

107 1122 228 1208 νέφους
246 1123 448 1208 ἐφέλκεσθαι.
479 1123 536 1186 καί
554 1110 630 1185 midi
652 1120 748 1198 ὑετὸς
767 1121 865 1189 παὺει
888 1117 1003 1204 αὑτόν,
1027 1123 1059 1187 εἰ
1076 1119 1121 1207 μῆ
1141 1120 1202 1203 μα’-

106 1242 161 1295 νος
186 1219 204 1284 ὑ
224 1222 353 1305 βορρᾶς.
374 1221 431 1285 καί
448 1222 553 1285 ταῦτα
572 1222 654 1302 μέν,
675 1223 827 1307 ἅγαπητέ,
849 1226 914 1287 κατ’
935 1218 1087 1307 ἐπιτομήν
1106 1216 1201 1307 έσχέ.

64 1318 240 1387 ιοὺίασται
261 1318 314 1384 διά
333 1322 369 1384 σὲ
390 1317 489 1385 πολλὰ
510 1318 742 1387 τῶντοιούτων
761 1324 938 1407 ἐφιέμενον.

211 1422 259 1507 Τῇ
280 1421 315 1485 dd
337 1421 471 1508 δευτέρᾳ
499 1418 604 1509 ἦμέρρ
630 1419 813 1507 παρήγαγεν
832 1423 870 1487 ts
889 1423 952 1488 τάν
974 1417 1099 1487 ὑδάτων
1120 1421 1261 1491 adesim

104 1518 141 1584 τά
163 1521 353 1602 στερέωμα,
389 1515 472 1586 dors
502 1522 707 1605 ὑιαχοιρίζειν
741 1522 900 1602 α’ναμέσον
929 1522 988 1586 τοὺ
1005 1517 1124 1598 ὑάατος
1141 1525 1198 1587 τοὺ

104 1617 212 1685 ε’πάνω
234 1623 293 1685 τοὺ
310 1621 525 1704 στερεοίματος
545 1622 601 1686 καί
613 1621 770 1703 α’ναμέσον
781 1624 838 1687 τοὺ
849 1617 965 1697 ὑδατος
979 1624 1038 1686 τοὺ
1053 1618 1198 1687 ὑποκάτω

104 1720 164 1783 τοὺ
185 1718 413 1803 στερεάματος.
432 1715 521 1805 iidem
546 1718 564 1784 ὑ
583 1717 661 1795 θεὸς
682 1718 1002 1806 transtorrentem
1027 1722 1084 1786 τοὺ
1103 1721 1195 1805 ἡλίου

65 1819 307 1904 ιὸθερμοτάτην
327 1818 432 1905 φοράν
452 1843 486 1885 τε
508 1820 562 1885 καί
589 1817 755 1885 ἔκκαυσιν·
798 1824 855 1887 καί
873 1822 904 1885 εί
921 1817 967 1905 μὴ
988 1817 1087 1885 ἔκειτο
1105 1816 1194 1905 ὑὺωρ

106 1920 298 1999 ἐπινοτίζον,
334 1916 502 2003 συνετρίβη
526 1912 567 1983 dv
585 1914 648 1981 ὑπὸ
679 1922 803 2005 θέρμης
831 1918 875 1995 ὥς
896 1912 989 2001 άγγος
1012 1918 1195 2003 ὄστράκινον

104 2020 201 2095 μέσον
241 2014 362 2102 φλογὸς
394 2013 563 2099 ἱστάμενον
586 2016 644 2081 καί
666 2013 756 2102 ὑὺωρ
784 2013 830 2102 μὴ
851 2016 932 2099 ἕχον.
981 2020 1037 2081 καί
1054 2018 1196 2082 κάτωθεν

104 2114 159 2179 διά
191 2119 285 2181 τοῦτο
308 2111 416 2181 ὑὺατα
448 2116 569 2197 πολλά,
591 2119 733 2198 ποταμοί
747 2139 782 2181 τε
800 2119 858 2180 καί
874 2117 985 2197 λίμναι
1004 2113 1060 2180 καί
1077 2118 1224 2190 ottae-12

103 2238 178 2297 σαι,
212 2210 295 2281 ὥστε
321 2212 368 2300 μὴ
398 2216 661 2301 καταφλεχθῆναι
680 2219 773 2280 τουτί
798 2216 956 2298 περίγειον
976 2219 1017 2303 τῇ
1033 2215 1196 2305 ὑπερβολῇ

58 2319 162 2378 αοτοὺ
182 2316 319 2399 θερμοῦ.
359 2307 429 2403 ⁸iider
448 2313 511 2400 γάρ
531 2312 549 2379 ὑ
569 2310 654 2393 θεάς,
676 2307 721 2389 ὥς
742 2337 839 2401 φησιν
861 2310 997 2399 ὑμένας
1016 2318 1195 2397 Βασίλειος,

104 2409 181 2478 ὅσον
221 2412 364 2501 ὑφάρισι
399 2418 445 2505 τῷ
463 2410 570 2502 κόσμῳ
601 2410 722 2500 χρόνον
750 2415 797 2489 είς
829 2411 998 2500 διαμονήν,
1018 2416 1075 2478 καί
1095 2413 1195 2498 πόσην

105 2693 172 2729 snm
190 2676 348 2749 dissipatum
366 2652 451 2749 iitqne
469 2680 544 2731 venti
562 2678 697 2749 quaedam
715 2678 826 2731 inflexio
848 2686 877 2730 et
894 2678 983 2743 turbo,
1001 2678 1146 2733 sustollens
1164 2680 1194 2733 iu

102 2750 196 2801 altum
214 2748 345 2821 quicquid
360 2749 403 2804 vel
424 2758 497 2802 terre
515 2749 559 2803 vel
576 2752 642 2801 muri
660 2751 799 2819 corripuit.
818 2748 881 2801 hinc
898 2752 931 2801 ht
946 2758 977 2801 ut
993 2757 1103 2802 ventum
1120 2750 1196 2802 hune

99 2821 189 2873 etiam
220 2820 362 2891 siphonem
388 2821 536 2943 appellent.
564 2838 627 2872 nam
653 2822 684 2872 in
706 2819 799 2873 orbem
822 2821 892 2871 circu
910 2827 1009 2871 terram
1030 2822 1149 2889 agitatur
1166 2831 1196 2874 et

98 2908 182 2945 suum
199 2890 236 2943 ed
253 2892 362 2943 initium
385 2909 413 2943 re
435 2892 515 2957 ectit3
546 2908 614 2961 quae
633 2907 713 2943 eausa
731 2900 774 2944 est
791 2892 967 2962 quamohrem
984 2891 1090 2959 ingenti
1110 2891 1136 2942 vi
1153 2892 1196 2941 la-

99 2962 181 3033 pides
204 2962 323 3016 attrahat
344 2972 372 3017 et
389 2971 527 3015 terrenum
552 2960 692 3031 pulverem
709 2964 797 3032 rapiat
815 2972 843 3015 et
860 2962 997 3014 naviculas
1018 2969 1129 3015 evertat.
1145 2978 1195 3014 ene

100 3032 234 3103 deinceps
262 3036 291 3086 in
307 3036 362 3087 ulia
379 3034 439 3087 loca
464 3034 610 3087 distractae
629 3032 836 3086 admirationem
856 3033 991 3103 quandam
1012 3041 1041 3085 et
1058 3040 1195 3101 stuporem

99 3104 347 3173 inspectatoribus
368 3106 494 3159 excitent.
512 3112 608 3157 ventus
629 3114 720 3157 autem
746 3106 769 3157 is
796 3120 877 3174 qoem
898 3104 1063 3174 Ecnephiam
1080 3110 1195 3168 meant,

99 3174 301 3243 propemodum
324 3175 389 3227 huic
413 3176 530 3246 typhoni
557 3176 653 3231 similis
682 3185 738 3239 est,
762 3175 817 3227 nisi
844 3174 920 3246 quod
945 3175 1094 3244 typhonem
1112 3175 1195 3227 etiam

99 3246 235 3299 cernimus
254 3254 367 3315 propter
393 3249 550 3299 crassiorem
577 3248 635 3299 eius
656 3248 801 3299 essentiam
827 3264 843 3298 e
871 3246 945 3299 nube
963 3245 1071 3297 detrahi
1083 3261 1115 3297 ae
1130 3262 1195 3315 pro·

99 3314 185 3381 trudi,
204 3332 287 3386 quum
311 3334 347 3370 ne
363 3318 456 3387 pluvia
479 3318 591 3389 quidem
611 3316 742 3389 dissipare
765 3324 872 3388 potest,
890 3319 949 3371 solo
966 3316 1052 3369 borea
1071 3325 1194 3385 excepto.

99 3384 169 3438 haec
187 3394 236 3439 tua
258 3405 347 3453 musa,
366 3388 467 3441 dilecte
486 3390 536 3453 iili,
554 3387 674 3441 breviter
695 3404 831 3459 exponere
849 3388 958 3453 lubuit,
977 3386 1088 3459 quando
1105 3404 1196 3440 rerum

100 3454 257 3509 huiuamodi
277 3460 461 3529 cognitionem
480 3461 573 3529 expeti
590 3460 638 3512 ubs
657 3468 685 3512 te
703 3462 816 3513 mirifice
834 3460 899 3511 seio.

167 3528 266 3581 Altera
294 3528 339 3583 die
364 3530 431 3583 deus
459 3547 493 3583 ex
513 3534 591 3601 uquis
619 3533 817 3584 firmamentum
842 3529 985 3592 condidit,
1011 3526 1088 3599 quod
1108 3528 1195 3581 inter-

101 3598 255 3668 stingueret
277 3618 375 3671 aquas,
401 3604 561 3672 praesertim
592 3602 702 3655 secretis
730 3604 785 3655 iilis
805 3618 877 3673 quae
901 3617 983 3670 supra
998 3600 1195 3653 firmamentum

102 3670 230 3723 existunt.
260 3680 288 3724 et
314 3690 448 3743 quanam,
477 3674 607 3737 obsecro,
633 3672 667 3725 de
694 3689 775 3725 causa
800 3674 867 3725 deus
897 3688 979 3742 supra
996 3670 1196 3724 firmamentum

101 3756 199 3811 aquam
217 3742 381 3806 collocavit?
397 3754 511 3816 propter
528 3744 747 3797 ardentissimum
762 3745 830 3796 solis
846 3750 951 3795 motum
969 3750 1051 3813 atque
1068 3744 1195 3795 calorem.

100 3827 162 3863 nam
180 3814 235 3867 nisi
255 3831 327 3885 aqna
345 3816 407 3868 istie
433 3825 505 3870 esset
525 3817 657 3887 reposita,
675 3824 765 3867 aestus
784 3817 870 3868 instar
886 3813 958 3865 ensis
974 3816 1087 3867 testrcei
1104 3814 1196 3867 medin

100 3881 127 3933 in
146 3882 254 3936 flamma
280 3887 379 3939 stuntis
408 3896 436 3941 et
462 3888 497 3941 ab
526 3904 596 3958 equa
615 3886 739 3939 destituti
766 3888 856 3937 omnia
879 3884 1057 3955 disperderet
1077 3894 1106 3939 et
1125 3884 1195 3937 inira

99 3953 298 4009 firmamentum
318 3956 414 4011 itidem
432 3974 520 4029 aquae
538 3960 647 4021 variae,
671 3956 784 4009 flumina
802 3965 896 4026 stagna
914 3959 999 4009 muria
1018 3965 1090 4020 sunt,
1110 3964 1143 4007 nt
1159 3972 1195 4006 ue

98 4034 187 4092 partes
217 4026 271 4080 hue
295 4038 437 4082 terrestres
455 4038 566 4100 propter
592 4030 689 4081 caloris
717 4030 923 4081 immensitatem
944 4037 1099 4081 exurantur·
1116 4032 1196 4077 norat

98 4097 170 4149 enim
187 4098 272 4163 deus,
288 4100 515 4170 quemadmodum
533 4101 647 4153 Basilius
666 4101 719 4164 uit,
739 4108 871 4171 quantum
888 4100 991 4152 mundo
1012 4098 1142 4167 temporie
1159 4094 1196 4145 ad

99 4164 272 4225 durationem
282 4174 341 4225 eius
358 4171 531 4239 destinasset,
547 4180 575 4226 et
587 4180 719 4245 quamam
734 4172 849 4226 fomenti
868 4170 1057 4244 reponendum
1077 4166 1134 4235 igni
1152 4164 1195 4215 io-
