<?xml version="1.0" encoding="UTF-8"?>
<!DOCTYPE html PUBLIC "-//W3C//DTD XHTML 1.0 Transitional//EN"
    "http://www.w3.org/TR/xhtml1/DTD/xhtml1-transitional.dtd">
<html xmlns="http://www.w3.org/1999/xhtml" xml:lang="en" lang="en">
 <head>
  <title>
</title>
<meta http-equiv="Content-Type" content="text/html;charset=utf-8" />
  <meta name='ocr-system' content='tesseract 3.04.00' />
  <meta name='ocr-capabilities' content='ocr_page ocr_carea ocr_par ocr_line ocrx_word'/>
</head>
<body>
  <div class='ocr_page' id='page_1' title='image "./michaelisglycae01glycgoog/michaelisglycae01glycgoog_0144.png"; bbox 0 0 2742 4617; ppageno 0'>
   <div class='ocr_carea' id='block_1_1' title="bbox 209 299 943 384">
    <p class='ocr_par' dir='ltr' id='par_1_1' title="bbox 209 299 943 384">
     <span class='ocr_line' id='line_1_1' title="bbox 209 299 943 384; baseline 0.005 -3"><span class='ocrx_word' id='word_1_1' title='bbox 209 299 289 382; x_wconf 77' lang='grc' dir='ltr'><strong>τιό</strong></span> <span class='ocrx_word' id='word_1_2' title='bbox 527 301 747 382; x_wconf 76' lang='grc' dir='ltr'><em>ὐιοιτιοαο</em></span> <span class='ocrx_word' id='word_1_3' title='bbox 779 315 943 384; x_wconf 73' lang='lat' dir='ltr'><strong>ceuceu</strong></span> 
     </span>
    </p>
   </div>
   <div class='ocr_carea' id='block_1_2' title="bbox 119 459 1348 2738">
    <p class='ocr_par' dir='ltr' id='par_1_2' title="bbox 200 459 1286 558">
     <span class='ocr_line' id='line_1_2' title="bbox 200 459 1286 558; baseline -0.009 -20"><span class='ocrx_word' id='word_1_4' title='bbox 200 479 256 558; x_wconf 92' lang='grc' dir='ltr'><em>βος</em></span> <span class='ocrx_word' id='word_1_5' title='bbox 275 473 386 546; x_wconf 79' lang='grc' dir='ltr'><em>αδτοῖς</em></span> <span class='ocrx_word' id='word_1_6' title='bbox 403 466 463 544; x_wconf 79' lang='grc' dir='ltr'><strong>τός</strong></span> <span class='ocrx_word' id='word_1_7' title='bbox 481 465 610 533; x_wconf 84' lang='grc' dir='ltr'><em>τοιόσδε</em></span> <span class='ocrx_word' id='word_1_8' title='bbox 628 464 814 554; x_wconf 83' lang='grc' dir='ltr'><em>μορφοόσεις</em></span> <span class='ocrx_word' id='word_1_9' title='bbox 833 467 1081 554; x_wconf 79' lang='grc' dir='ltr'><em>εἴδωλοποίησεν.</em></span> <span class='ocrx_word' id='word_1_10' title='bbox 1123 467 1154 531; x_wconf 79' lang='grc' dir='ltr'><em>εἴ</em></span> <span class='ocrx_word' id='word_1_11' title='bbox 1166 464 1194 530; x_wconf 88' lang='grc' dir='ltr'><em>δ’</em></span> <span class='ocrx_word' id='word_1_12' title='bbox 1211 459 1286 542; x_wconf 88' lang='grc' dir='ltr'><em>ἴσως</em></span> 
     </span>
    </p>

    <p class='ocr_par' dir='ltr' id='par_1_3' title="bbox 200 561 1287 654">
     <span class='ocr_line' id='line_1_3' title="bbox 200 561 1287 654; baseline -0.01 -17"><span class='ocrx_word' id='word_1_13' title='bbox 200 573 256 637; x_wconf 86' lang='grc' dir='ltr'><strong>καί</strong></span> <span class='ocrx_word' id='word_1_14' title='bbox 279 570 436 654; x_wconf 78' lang='grc' dir='ltr'><strong>βάσκανος</strong></span> <span class='ocrx_word' id='word_1_15' title='bbox 465 567 588 647; x_wconf 89' lang='grc' dir='ltr'><em>δαίμων</em></span> <span class='ocrx_word' id='word_1_16' title='bbox 624 565 661 631; x_wconf 90' lang='grc' dir='ltr'><em>τό</em></span> <span class='ocrx_word' id='word_1_17' title='bbox 690 569 782 648; x_wconf 85' lang='grc' dir='ltr'><em>σῶμα</em></span> <span class='ocrx_word' id='word_1_18' title='bbox 807 568 868 630; x_wconf 76' lang='grc' dir='ltr'><em>τοῦ</em></span> <span class='ocrx_word' id='word_1_19' title='bbox 889 566 1062 650; x_wconf 76' lang='grc' dir='ltr'><em>δράκοντος-</em></span> <span class='ocrx_word' id='word_1_20' title='bbox 1076 561 1287 645; x_wconf 72' lang='grc' dir='ltr'><em>ἐνδυσάμενος</em></span> 
     </span>
    </p>

    <p class='ocr_par' dir='ltr' id='par_1_4' title="bbox 199 657 1284 752">
     <span class='ocr_line' id='line_1_4' title="bbox 199 657 1284 752; baseline -0.009 -18"><span class='ocrx_word' id='word_1_21' title='bbox 199 672 246 746; x_wconf 75' lang='lat' dir='ltr'><strong>cic</strong></span> <span class='ocrx_word' id='word_1_22' title='bbox 280 673 384 734; x_wconf 80' lang='grc' dir='ltr'><em>ἐκεῖνα</em></span> <span class='ocrx_word' id='word_1_23' title='bbox 404 669 467 732; x_wconf 86' lang='grc' dir='ltr'><strong>τῶν</strong></span> <span class='ocrx_word' id='word_1_24' title='bbox 487 669 595 749; x_wconf 89' lang='grc' dir='ltr'><em>μερῶν</em></span> <span class='ocrx_word' id='word_1_25' title='bbox 617 657 686 749; x_wconf 79' lang='lat' dir='ltr'><strong>ciyee</strong></span> <span class='ocrx_word' id='word_1_26' title='bbox 714 661 765 731; x_wconf 86' lang='grc' dir='ltr'><strong>τὸν</strong></span> <span class='ocrx_word' id='word_1_27' title='bbox 787 669 874 749; x_wconf 76' lang='grc' dir='ltr'><em>θῆρα</em></span> <span class='ocrx_word' id='word_1_28' title='bbox 894 663 956 729; x_wconf 81' lang='lat' dir='ltr'><strong>sind</strong></span> <span class='ocrx_word' id='word_1_29' title='bbox 979 668 1037 731; x_wconf 78' lang='grc' dir='ltr'><em>τοῦ</em></span> <span class='ocrx_word' id='word_1_30' title='bbox 1056 661 1157 752; x_wconf 86' lang='grc' dir='ltr'><em>πυρός</em></span> <span class='ocrx_word' id='word_1_31' title='bbox 1177 659 1284 744; x_wconf 66' lang='grc' dir='ltr'><em>οἵσπερ</em></span> 
     </span>
    </p>

    <p class='ocr_par' dir='ltr' id='par_1_5' title="bbox 165 751 1287 848">
     <span class='ocr_line' id='line_1_5' title="bbox 165 751 1287 848; baseline -0.011 -14"><span class='ocrx_word' id='word_1_32' title='bbox 165 773 169 779; x_wconf 84' lang='grc'>’</span> <span class='ocrx_word' id='word_1_33' title='bbox 199 765 411 848; x_wconf 76' lang='grc' dir='ltr'><strong>διωκόμενον,</strong></span> <span class='ocrx_word' id='word_1_34' title='bbox 444 755 493 840; x_wconf 79' lang='grc' dir='ltr'><em>οἷς</em></span> <span class='ocrx_word' id='word_1_35' title='bbox 510 764 550 848; x_wconf 77' lang='grc' dir='ltr'><em>δη</em></span> <span class='ocrx_word' id='word_1_36' title='bbox 570 767 753 846; x_wconf 76' lang='grc' dir='ltr'><em>βασκαίνειν</em></span> <span class='ocrx_word' id='word_1_37' title='bbox 769 765 803 842; x_wconf 80' lang='grc' dir='ltr'><strong>ἐξ</strong></span> <span class='ocrx_word' id='word_1_38' title='bbox 825 763 929 847; x_wconf 76' lang='grc' dir='ltr'><em>ἀρχῆς</em></span> <span class='ocrx_word' id='word_1_39' title='bbox 950 760 1081 845; x_wconf 81' lang='grc' dir='ltr'><em>εἴωδεν,</em></span> <span class='ocrx_word' id='word_1_40' title='bbox 1105 762 1176 828; x_wconf 75' lang='grc' dir='ltr'><em>ουδ’</em></span> <span class='ocrx_word' id='word_1_41' title='bbox 1193 751 1287 834; x_wconf 79' lang='grc' dir='ltr'><em>οὗτος</em></span> 
     </span>
    </p>

    <p class='ocr_par' dir='ltr' id='par_1_6' title="bbox 119 858 1313 951">
     <span class='ocr_line' id='line_1_6' title="bbox 119 858 1313 951; baseline -0.008 -15"><span class='ocrx_word' id='word_1_42' title='bbox 119 867 218 936; x_wconf 69' lang='lat' dir='ltr'><strong>eost</strong></span> <span class='ocrx_word' id='word_1_43' title='bbox 238 866 329 950; x_wconf 76' lang='grc' dir='ltr'><em>λόγος</em></span> <span class='ocrx_word' id='word_1_44' title='bbox 352 863 537 947; x_wconf 86' lang='grc' dir='ltr'><em>α’πόβλητος.</em></span> <span class='ocrx_word' id='word_1_45' title='bbox 588 863 723 946; x_wconf 81' lang='grc' dir='ltr'><em>δρχαῖον</em></span> <span class='ocrx_word' id='word_1_46' title='bbox 749 859 810 946; x_wconf 73' lang='grc' dir='ltr'><strong>γὰρ</strong></span> <span class='ocrx_word' id='word_1_47' title='bbox 841 863 928 951; x_wconf 65' lang='lat' dir='ltr'><strong>edroi</strong></span> <span class='ocrx_word' id='word_1_48' title='bbox 947 864 1134 948; x_wconf 72' lang='grc' dir='ltr'><em>ἐνδιαίτημα</em></span> <span class='ocrx_word' id='word_1_49' title='bbox 1155 858 1191 926; x_wconf 91' lang='grc' dir='ltr'><em>τό</em></span> <span class='ocrx_word' id='word_1_50' title='bbox 1219 863 1313 926; x_wconf 81' lang='grc' dir='ltr'><em>τοι-5</em></span> 
     </span>
    </p>

    <p class='ocr_par' dir='ltr' id='par_1_7' title="bbox 199 959 1286 1048">
     <span class='ocr_line' id='line_1_7' title="bbox 199 959 1286 1048; baseline -0.008 -17"><span class='ocrx_word' id='word_1_51' title='bbox 199 960 292 1032; x_wconf 85' lang='grc' dir='ltr'><em>οότον</em></span> <span class='ocrx_word' id='word_1_52' title='bbox 307 967 404 1047; x_wconf 74' lang='grc' dir='ltr'><em>γένος,</em></span> <span class='ocrx_word' id='word_1_53' title='bbox 418 963 511 1048; x_wconf 76' lang='grc' dir='ltr'><em>ἡνίκα</em></span> <span class='ocrx_word' id='word_1_54' title='bbox 530 959 718 1042; x_wconf 75' lang='grc' dir='ltr'><em>καὶμᾶλλον</em></span> <span class='ocrx_word' id='word_1_55' title='bbox 737 961 822 1046; x_wconf 75' lang='grc' dir='ltr'><em>ἡμᾶς</em></span> <span class='ocrx_word' id='word_1_56' title='bbox 842 963 1020 1046; x_wconf 82' lang='grc' dir='ltr'><em>ε’ξορίστους</em></span> <span class='ocrx_word' id='word_1_57' title='bbox 1042 964 1082 1027; x_wconf 88' lang='grc' dir='ltr'><strong>δι’</strong></span> <span class='ocrx_word' id='word_1_58' title='bbox 1106 963 1208 1026; x_wconf 83' lang='grc' dir='ltr'><em>αότοό</em></span> <span class='ocrx_word' id='word_1_59' title='bbox 1227 960 1286 1024; x_wconf 82' lang='grc' dir='ltr'><em>τοῦ</em></span> 
     </span>
    </p>

    <p class='ocr_par' dir='ltr' id='par_1_8' title="bbox 197 1057 1286 1150">
     <span class='ocr_line' id='line_1_8' title="bbox 197 1057 1286 1150; baseline -0.002 -20"><span class='ocrx_word' id='word_1_60' title='bbox 197 1065 394 1150; x_wconf 71' lang='grc' dir='ltr'><strong>παραδείσου</strong></span> <span class='ocrx_word' id='word_1_61' title='bbox 427 1064 614 1146; x_wconf 86' lang='grc' dir='ltr'><em>πεποίηκεν,</em></span> <span class='ocrx_word' id='word_1_62' title='bbox 642 1057 725 1126; x_wconf 66' lang='grc' dir='ltr'><em>ὅθεν</em></span> <span class='ocrx_word' id='word_1_63' title='bbox 748 1057 858 1126; x_wconf 85' lang='grc' dir='ltr'><em>καινόν</em></span> <span class='ocrx_word' id='word_1_64' title='bbox 879 1062 970 1126; x_wconf 81' lang='grc' dir='ltr'><em>οδδὲν</em></span> <span class='ocrx_word' id='word_1_65' title='bbox 991 1059 1055 1144; x_wconf 75' lang='grc' dir='ltr'><em>εἴγε</em></span> <span class='ocrx_word' id='word_1_66' title='bbox 1076 1063 1132 1128; x_wconf 82' lang='grc' dir='ltr'><strong>καί</strong></span> <span class='ocrx_word' id='word_1_67' title='bbox 1150 1063 1208 1147; x_wconf 80' lang='grc' dir='ltr'><em>τῆς</em></span> <span class='ocrx_word' id='word_1_68' title='bbox 1226 1060 1286 1142; x_wconf 74' lang='grc' dir='ltr'><strong>γῆς</strong></span> 
     </span>
    </p>

    <p class='ocr_par' dir='ltr' id='par_1_9' title="bbox 197 1157 1040 1248">
     <span class='ocr_line' id='line_1_9' title="bbox 197 1157 1040 1248; baseline -0.007 -18"><span class='ocrx_word' id='word_1_69' title='bbox 197 1165 314 1248; x_wconf 80' lang='grc' dir='ltr'><em>ταύτης</em></span> <span class='ocrx_word' id='word_1_70' title='bbox 335 1159 531 1228; x_wconf 76' lang='grc' dir='ltr'><em>όποόοασδαι</em></span> <span class='ocrx_word' id='word_1_71' title='bbox 552 1167 711 1248; x_wconf 79' lang='grc' dir='ltr'><em>φιλονικεῖ</em></span> <span class='ocrx_word' id='word_1_72' title='bbox 725 1157 779 1226; x_wconf 83' lang='grc' dir='ltr'><strong>διό</strong></span> <span class='ocrx_word' id='word_1_73' title='bbox 803 1160 924 1246; x_wconf 72' lang='grc' dir='ltr'><em>φθόνον</em></span> <span class='ocrx_word' id='word_1_74' title='bbox 944 1161 1040 1244; x_wconf 75' lang='grc' dir='ltr'><em>ἡμᾶς.</em></span> 
     </span>
    </p>

    <p class='ocr_par' dir='ltr' id='par_1_10' title="bbox 196 1255 1337 1840">
     <span class='ocr_line' id='line_1_10' title="bbox 279 1255 1287 1346; baseline -0.009 -18"><span class='ocrx_word' id='word_1_75' title='bbox 279 1259 350 1328; x_wconf 82' lang='grc' dir='ltr'><em>Καί</em></span> <span class='ocrx_word' id='word_1_76' title='bbox 367 1264 442 1346; x_wconf 89' lang='grc' dir='ltr'><em>περί</em></span> <span class='ocrx_word' id='word_1_77' title='bbox 460 1265 519 1343; x_wconf 83' lang='grc' dir='ltr'><em>μὲν</em></span> <span class='ocrx_word' id='word_1_78' title='bbox 532 1258 653 1324; x_wconf 88' lang='grc' dir='ltr'><em>τοότων</em></span> <span class='ocrx_word' id='word_1_79' title='bbox 674 1255 790 1336; x_wconf 81' lang='grc' dir='ltr'><em>οδτως·</em></span> <span class='ocrx_word' id='word_1_80' title='bbox 831 1259 863 1323; x_wconf 85' lang='grc' dir='ltr'><em>εἰ</em></span> <span class='ocrx_word' id='word_1_81' title='bbox 884 1261 920 1324; x_wconf 80' lang='grc' dir='ltr'><em>δὲ</em></span> <span class='ocrx_word' id='word_1_82' title='bbox 934 1258 992 1344; x_wconf 79' lang='grc' dir='ltr'><strong>την</strong></span> <span class='ocrx_word' id='word_1_83' title='bbox 1006 1261 1110 1324; x_wconf 79' lang='grc' dir='ltr'><em>αἰτίαν</em></span> <span class='ocrx_word' id='word_1_84' title='bbox 1130 1259 1287 1342; x_wconf 81' lang='grc' dir='ltr'><em>όαιζητεῖς</em></span> 
     </span>
     <span class='ocr_line' id='line_1_11' title="bbox 198 1355 1337 1446; baseline -0.003 -19"><span class='ocrx_word' id='word_1_85' title='bbox 198 1360 300 1446; x_wconf 74' lang='grc' dir='ltr'><em>δι’·ἣν</em></span> <span class='ocrx_word' id='word_1_86' title='bbox 317 1358 466 1443; x_wconf 77' lang='grc' dir='ltr'><strong>αἴλουροι</strong></span> <span class='ocrx_word' id='word_1_87' title='bbox 487 1363 542 1425; x_wconf 87' lang='grc' dir='ltr'><strong>καί</strong></span> <span class='ocrx_word' id='word_1_88' title='bbox 564 1360 742 1443; x_wconf 77' lang='grc' dir='ltr'><em>νυκτερίδες</em></span> <span class='ocrx_word' id='word_1_89' title='bbox 764 1355 860 1424; x_wconf 69' lang='grc' dir='ltr'><em>νύκτα</em></span> <span class='ocrx_word' id='word_1_90' title='bbox 875 1361 930 1424; x_wconf 86' lang='grc' dir='ltr'><strong>καί</strong></span> <span class='ocrx_word' id='word_1_91' title='bbox 939 1355 1038 1444; x_wconf 87' lang='grc' dir='ltr'><em>μόνην</em></span> <span class='ocrx_word' id='word_1_92' title='bbox 1051 1356 1191 1441; x_wconf 80' lang='grc' dir='ltr'><em>εἴκριβῶς</em></span> <span class='ocrx_word' id='word_1_93' title='bbox 1204 1355 1285 1440; x_wconf 81' lang='grc' dir='ltr'><em>ὁρῶ·</em></span> <span class='ocrx_word' id='word_1_94' title='bbox 1299 1381 1337 1424; x_wconf 83' lang='lat' dir='ltr'><strong>to</strong></span> 
     </span>
     <span class='ocr_line' id='line_1_12' title="bbox 196 1449 1286 1545; baseline -0.007 -17"><span class='ocrx_word' id='word_1_95' title='bbox 196 1486 258 1541; x_wconf 90' lang='grc' dir='ltr'><em>σιν,</em></span> <span class='ocrx_word' id='word_1_96' title='bbox 279 1456 361 1545; x_wconf 83' lang='grc' dir='ltr'><em>αότη</em></span> <span class='ocrx_word' id='word_1_97' title='bbox 381 1458 457 1526; x_wconf 73' lang='grc' dir='ltr'><em>ἐστί.</em></span> <span class='ocrx_word' id='word_1_98' title='bbox 480 1457 516 1524; x_wconf 84' lang='grc' dir='ltr'><em>τό</em></span> <span class='ocrx_word' id='word_1_99' title='bbox 542 1449 671 1523; x_wconf 86' lang='grc' dir='ltr'><em>δπτικόν</em></span> <span class='ocrx_word' id='word_1_100' title='bbox 695 1458 820 1538; x_wconf 85' lang='grc' dir='ltr'><em>πνεόμα</em></span> <span class='ocrx_word' id='word_1_101' title='bbox 841 1453 963 1533; x_wconf 81' lang='grc' dir='ltr'><em>πιόντας</em></span> <span class='ocrx_word' id='word_1_102' title='bbox 984 1455 1170 1522; x_wconf 87' lang='grc' dir='ltr'><em>λεπτότατον</em></span> <span class='ocrx_word' id='word_1_103' title='bbox 1191 1453 1286 1540; x_wconf 79' lang='grc' dir='ltr'><em>ἔχου-</em></span> 
     </span>
     <span class='ocr_line' id='line_1_13' title="bbox 196 1550 1285 1647; baseline -0.008 -20"><span class='ocrx_word' id='word_1_104' title='bbox 196 1586 261 1627; x_wconf 91' lang='grc' dir='ltr'><em>σιν.</em></span> <span class='ocrx_word' id='word_1_105' title='bbox 311 1562 346 1624; x_wconf 78' lang='grc' dir='ltr'><em>ἐν</em></span> <span class='ocrx_word' id='word_1_106' title='bbox 376 1563 414 1647; x_wconf 74' lang='grc' dir='ltr'><em>τῇ</em></span> <span class='ocrx_word' id='word_1_107' title='bbox 446 1559 535 1624; x_wconf 89' lang='grc' dir='ltr'><em>νυκτί</em></span> <span class='ocrx_word' id='word_1_108' title='bbox 562 1550 619 1621; x_wconf 68' lang='lat' dir='ltr'><strong>odo</strong></span> <span class='ocrx_word' id='word_1_109' title='bbox 651 1555 789 1642; x_wconf 88' lang='grc' dir='ltr'><em>μετρίως</em></span> <span class='ocrx_word' id='word_1_110' title='bbox 826 1557 1044 1640; x_wconf 78' lang='grc' dir='ltr'><em>παχυνόμενον</em></span> <span class='ocrx_word' id='word_1_111' title='bbox 1073 1559 1114 1644; x_wconf 78' lang='grc' dir='ltr'><em>τῇ</em></span> <span class='ocrx_word' id='word_1_112' title='bbox 1144 1555 1285 1642; x_wconf 78' lang='grc' dir='ltr'><em>όπουσίρ</em></span> 
     </span>
     <span class='ocr_line' id='line_1_14' title="bbox 196 1651 1286 1745; baseline -0.006 -20"><span class='ocrx_word' id='word_1_113' title='bbox 196 1662 253 1726; x_wconf 78' lang='grc' dir='ltr'><em>τοῦ</em></span> <span class='ocrx_word' id='word_1_114' title='bbox 274 1655 366 1745; x_wconf 78' lang='grc' dir='ltr'><em>ἡλίου</em></span> <span class='ocrx_word' id='word_1_115' title='bbox 395 1656 476 1743; x_wconf 85' lang='grc' dir='ltr'><em>πρός</em></span> <span class='ocrx_word' id='word_1_116' title='bbox 505 1655 648 1742; x_wconf 74' lang='grc' dir='ltr'><em>τὴντῶν</em></span> <span class='ocrx_word' id='word_1_117' title='bbox 670 1651 982 1741; x_wconf 73' lang='grc' dir='ltr'><em>ὅραιῶνοῖντιληψιυ</em></span> <span class='ocrx_word' id='word_1_118' title='bbox 1005 1655 1184 1739; x_wconf 75' lang='grc' dir='ltr'><em>ἐπιτήδειον</em></span> <span class='ocrx_word' id='word_1_119' title='bbox 1202 1657 1286 1737; x_wconf 74' lang='grc' dir='ltr'><em>γίνε-</em></span> 
     </span>
     <span class='ocr_line' id='line_1_15' title="bbox 196 1753 1287 1840; baseline -0.008 -15"><span class='ocrx_word' id='word_1_120' title='bbox 196 1782 266 1825; x_wconf 89' lang='grc' dir='ltr'><em>ται·</em></span> <span class='ocrx_word' id='word_1_121' title='bbox 324 1757 404 1823; x_wconf 74' lang='grc' dir='ltr'><em>κατὰ</em></span> <span class='ocrx_word' id='word_1_122' title='bbox 427 1754 494 1840; x_wconf 77' lang='grc' dir='ltr'><strong>’γὰρ</strong></span> <span class='ocrx_word' id='word_1_123' title='bbox 525 1753 583 1840; x_wconf 77' lang='grc' dir='ltr'><strong>την</strong></span> <span class='ocrx_word' id='word_1_124' title='bbox 614 1755 738 1840; x_wconf 79' lang='grc' dir='ltr'><em>ἡμέραν</em></span> <span class='ocrx_word' id='word_1_125' title='bbox 758 1753 802 1831; x_wconf 77' lang='grc' dir='ltr'><em>ὥς</em></span> <span class='ocrx_word' id='word_1_126' title='bbox 822 1753 1008 1821; x_wconf 85' lang='grc' dir='ltr'><em>λεπτότατον</em></span> <span class='ocrx_word' id='word_1_127' title='bbox 1029 1754 1237 1839; x_wconf 78' lang='grc' dir='ltr'><em>διαφορεῖταό</em></span> <span class='ocrx_word' id='word_1_128' title='bbox 1249 1776 1287 1818; x_wconf 85' lang='grc' dir='ltr'><strong>τε</strong></span> 
     </span>
    </p>

    <p class='ocr_par' dir='ltr' id='par_1_11' title="bbox 167 1847 1348 2427">
     <span class='ocr_line' id='line_1_16' title="bbox 167 1847 1342 1938; baseline -0.008 -10"><span class='ocrx_word' id='word_1_129' title='bbox 167 1862 253 1928; x_wconf 69' lang='lat' dir='ltr'><strong>Buce*</strong></span> <span class='ocrx_word' id='word_1_130' title='bbox 271 1853 486 1924; x_wconf 71' lang='grc' dir='ltr'><em>σκεδάννυται.</em></span> <span class='ocrx_word' id='word_1_131' title='bbox 526 1857 620 1920; x_wconf 86' lang='grc' dir='ltr'><em>τοότο</em></span> <span class='ocrx_word' id='word_1_132' title='bbox 649 1856 763 1926; x_wconf 76' lang='grc' dir='ltr'><em>δὲκαὶ</em></span> <span class='ocrx_word' id='word_1_133' title='bbox 784 1855 818 1920; x_wconf 76' lang='grc' dir='ltr'><em>ἐν</em></span> <span class='ocrx_word' id='word_1_134' title='bbox 839 1847 945 1930; x_wconf 72' lang='grc' dir='ltr'><em>ἄλλοις</em></span> <span class='ocrx_word' id='word_1_135' title='bbox 967 1851 1054 1918; x_wconf 82' lang='grc' dir='ltr'><em>ἔστιν</em></span> <span class='ocrx_word' id='word_1_136' title='bbox 1076 1855 1160 1938; x_wconf 41' lang='grc' dir='ltr'><em>ι’δεῖν,</em></span> <span class='ocrx_word' id='word_1_137' title='bbox 1176 1858 1231 1919; x_wconf 88' lang='grc' dir='ltr'><strong>καί</strong></span> <span class='ocrx_word' id='word_1_138' title='bbox 1251 1854 1287 1918; x_wconf 80' lang='grc' dir='ltr'><em>ἐν</em></span> <span class='ocrx_word' id='word_1_139' title='bbox 1301 1853 1342 1920; x_wconf 84' lang='lat'><strong>15</strong></span> 
     </span>
     <span class='ocr_line' id='line_1_17' title="bbox 197 1948 1287 2036; baseline -0.006 -14"><span class='ocrx_word' id='word_1_140' title='bbox 197 1957 308 2032; x_wconf 83' lang='grc' dir='ltr'><em>ου’τοῖς</em></span> <span class='ocrx_word' id='word_1_141' title='bbox 329 1963 395 2031; x_wconf 83' lang='grc' dir='ltr'><em>τοῖς</em></span> <span class='ocrx_word' id='word_1_142' title='bbox 428 1957 564 2020; x_wconf 78' lang='grc' dir='ltr'><em>λέουσιν.</em></span> <span class='ocrx_word' id='word_1_143' title='bbox 615 1952 708 2018; x_wconf 71' lang='grc' dir='ltr'><em>ἔνθεν</em></span> <span class='ocrx_word' id='word_1_144' title='bbox 729 1976 779 2018; x_wconf 90' lang='grc' dir='ltr'><strong>τοι</strong></span> <span class='ocrx_word' id='word_1_145' title='bbox 808 1951 863 2018; x_wconf 82' lang='grc' dir='ltr'><strong>καί</strong></span> <span class='ocrx_word' id='word_1_146' title='bbox 880 1950 938 2030; x_wconf 81' lang='grc' dir='ltr'><strong>τὰς</strong></span> <span class='ocrx_word' id='word_1_147' title='bbox 958 1948 1090 2036; x_wconf 75' lang='grc' dir='ltr'><em>ἡλιακὰς</em></span> <span class='ocrx_word' id='word_1_148' title='bbox 1111 1975 1287 2036; x_wconf 88' lang='grc' dir='ltr'><em>μαρμαρυ-</em></span> 
     </span>
     <span class='ocr_line' id='line_1_18' title="bbox 195 2043 1289 2141; baseline -0.006 -18"><span class='ocrx_word' id='word_1_149' title='bbox 195 2056 256 2141; x_wconf 68' lang='lat' dir='ltr'><strong>yde</strong></span> <span class='ocrx_word' id='word_1_150' title='bbox 279 2057 310 2121; x_wconf 83' lang='lat' dir='ltr'><strong>oi</strong></span> <span class='ocrx_word' id='word_1_151' title='bbox 328 2059 450 2131; x_wconf 81' lang='grc' dir='ltr'><em>λέοντες</em></span> <span class='ocrx_word' id='word_1_152' title='bbox 481 2052 648 2139; x_wconf 67' lang='grc' dir='ltr'><em>φεύγοντες</em></span> <span class='ocrx_word' id='word_1_153' title='bbox 675 2054 717 2117; x_wconf 86' lang='grc' dir='ltr'><strong>δι’</strong></span> <span class='ocrx_word' id='word_1_154' title='bbox 746 2047 821 2138; x_wconf 86' lang='grc' dir='ltr'><em>όλης</em></span> <span class='ocrx_word' id='word_1_155' title='bbox 850 2047 971 2136; x_wconf 70' lang='grc' dir='ltr'><em>η’μέρας</em></span> <span class='ocrx_word' id='word_1_156' title='bbox 990 2053 1045 2116; x_wconf 82' lang='grc' dir='ltr'><strong>καί</strong></span> <span class='ocrx_word' id='word_1_157' title='bbox 1060 2043 1186 2128; x_wconf 75' lang='grc' dir='ltr'><em>εἴκοντες</em></span> <span class='ocrx_word' id='word_1_158' title='bbox 1206 2051 1289 2136; x_wconf 83' lang='grc' dir='ltr'><em>κρό-</em></span> 
     </span>
     <span class='ocr_line' id='line_1_19' title="bbox 195 2143 1290 2237; baseline -0.009 -17"><span class='ocrx_word' id='word_1_159' title='bbox 195 2179 348 2222; x_wconf 85' lang='grc' dir='ltr'><em>πτοντιιι·</em></span> <span class='ocrx_word' id='word_1_160' title='bbox 390 2157 422 2219; x_wconf 83' lang='grc' dir='ltr'><em>εί</em></span> <span class='ocrx_word' id='word_1_161' title='bbox 449 2151 495 2237; x_wconf 71' lang='grc' dir='ltr'><strong>μη</strong></span> <span class='ocrx_word' id='word_1_162' title='bbox 515 2150 576 2235; x_wconf 81' lang='grc' dir='ltr'><strong>γόρ</strong></span> <span class='ocrx_word' id='word_1_163' title='bbox 607 2153 701 2218; x_wconf 78' lang='grc' dir='ltr'><em>τοότο</em></span> <span class='ocrx_word' id='word_1_164' title='bbox 722 2145 772 2236; x_wconf 81' lang='grc' dir='ltr'><em>ἧν,</em></span> <span class='ocrx_word' id='word_1_165' title='bbox 800 2143 890 2234; x_wconf 59' lang='lat' dir='ltr'><strong>wigod</strong></span> <span class='ocrx_word' id='word_1_166' title='bbox 905 2145 945 2215; x_wconf 75' lang='grc' dir='ltr'><em>ἴν</em></span> <span class='ocrx_word' id='word_1_167' title='bbox 964 2147 1131 2228; x_wconf 74' lang='grc' dir='ltr'><strong>ἀκωλύτως</strong></span> <span class='ocrx_word' id='word_1_168' title='bbox 1148 2151 1185 2216; x_wconf 77' lang='grc' dir='ltr'><em>ἐν</em></span> <span class='ocrx_word' id='word_1_169' title='bbox 1204 2150 1290 2236; x_wconf 82' lang='grc' dir='ltr'><strong>ἡμέ.</strong></span> 
     </span>
     <span class='ocr_line' id='line_1_20' title="bbox 198 2247 1291 2341; baseline -0.002 -24"><span class='ocrx_word' id='word_1_170' title='bbox 198 2281 239 2341; x_wconf 83' lang='grc' dir='ltr'><em>ρρι</em></span> <span class='ocrx_word' id='word_1_171' title='bbox 264 2255 510 2338; x_wconf 78' lang='grc' dir='ltr'><em>περιπατοῦντες</em></span> <span class='ocrx_word' id='word_1_172' title='bbox 535 2251 574 2315; x_wconf 83' lang='grc' dir='ltr'><em>οδ</em></span> <span class='ocrx_word' id='word_1_173' title='bbox 591 2253 712 2339; x_wconf 78' lang='grc' dir='ltr'><em>μικρῶς</em></span> <span class='ocrx_word' id='word_1_174' title='bbox 734 2248 888 2333; x_wconf 79' lang='grc' dir='ltr'><em>ἔβλαπτον</em></span> <span class='ocrx_word' id='word_1_175' title='bbox 909 2247 984 2328; x_wconf 84' lang='grc' dir='ltr'><em>τοός</em></span> <span class='ocrx_word' id='word_1_176' title='bbox 1005 2251 1113 2326; x_wconf 82' lang='grc' dir='ltr'><em>αδτοῖς</em></span> <span class='ocrx_word' id='word_1_177' title='bbox 1131 2251 1291 2334; x_wconf 74' lang='grc' dir='ltr'><em>ἐντυγχά-</em></span> 
     </span>
     <span class='ocr_line' id='line_1_21' title="bbox 196 2371 1348 2427; baseline -0.003 -8"><span class='ocrx_word' id='word_1_178' title='bbox 196 2375 313 2427; x_wconf 90' lang='grc' dir='ltr'><em>νοντας.</em></span> <span class='ocrx_word' id='word_1_179' title='bbox 806 2415 810 2424; x_wconf 87' lang='grc'><em>,</em></span> <span class='ocrx_word' id='word_1_180' title='bbox 1302 2371 1348 2415; x_wconf 77' lang='lat' dir='ltr'><strong>no</strong></span> 
     </span>
    </p>

    <p class='ocr_par' dir='ltr' id='par_1_12' title="bbox 196 2439 1294 2738">
     <span class='ocr_line' id='line_1_22' title="bbox 280 2439 1294 2530; baseline -0.001 -15"><span class='ocrx_word' id='word_1_181' title='bbox 280 2452 312 2515; x_wconf 92' lang='grc' dir='ltr'>Γ</span> <span class='ocrx_word' id='word_1_182' title='bbox 309 2453 423 2519; x_wconf 84' lang='grc' dir='ltr'><em>ι’νωσκε</em></span> <span class='ocrx_word' id='word_1_183' title='bbox 450 2443 506 2512; x_wconf 82' lang='grc' dir='ltr'><strong>καί</strong></span> <span class='ocrx_word' id='word_1_184' title='bbox 528 2449 643 2529; x_wconf 86' lang='grc' dir='ltr'><em>τοότο,</em></span> <span class='ocrx_word' id='word_1_185' title='bbox 673 2441 723 2512; x_wconf 85' lang='grc' dir='ltr'><strong>ότι</strong></span> <span class='ocrx_word' id='word_1_186' title='bbox 737 2439 772 2511; x_wconf 81' lang='grc' dir='ltr'><strong>Ιδ</strong></span> <span class='ocrx_word' id='word_1_187' title='bbox 803 2439 883 2514; x_wconf 80' lang='grc' dir='ltr'><em>λέων</em></span> <span class='ocrx_word' id='word_1_188' title='bbox 915 2445 1103 2530; x_wconf 86' lang='grc' dir='ltr'><em>διωκόμενος</em></span> <span class='ocrx_word' id='word_1_189' title='bbox 1123 2451 1294 2515; x_wconf 78' lang='grc' dir='ltr'><em>συστέλλει</em></span> 
     </span>
     <span class='ocr_line' id='line_1_23' title="bbox 196 2539 1294 2644; baseline 0 -30"><span class='ocrx_word' id='word_1_190' title='bbox 196 2548 235 2644; x_wconf 73' lang='grc' dir='ltr'><em>τό</em></span> <span class='ocrx_word' id='word_1_191' title='bbox 257 2546 329 2632; x_wconf 79' lang='grc' dir='ltr'><em>ἴχνη</em></span> <span class='ocrx_word' id='word_1_192' title='bbox 349 2549 459 2612; x_wconf 71' lang='lat' dir='ltr'><strong>edroi.</strong></span> <span class='ocrx_word' id='word_1_193' title='bbox 501 2539 586 2611; x_wconf 85' lang='grc' dir='ltr'><em>οότω</em></span> <span class='ocrx_word' id='word_1_194' title='bbox 608 2541 746 2632; x_wconf 85' lang='grc' dir='ltr'><em>όκόριος</em></span> <span class='ocrx_word' id='word_1_195' title='bbox 763 2545 990 2632; x_wconf 84' lang='grc' dir='ltr'><em>κατερχόμενος</em></span> <span class='ocrx_word' id='word_1_196' title='bbox 1009 2549 1064 2612; x_wconf 77' lang='grc' dir='ltr'><strong>ἐπί</strong></span> <span class='ocrx_word' id='word_1_197' title='bbox 1081 2549 1135 2631; x_wconf 81' lang='grc' dir='ltr'><strong>τῆς</strong></span> <span class='ocrx_word' id='word_1_198' title='bbox 1153 2549 1210 2632; x_wconf 72' lang='grc' dir='ltr'><em>γῆς</em></span> <span class='ocrx_word' id='word_1_199' title='bbox 1229 2545 1294 2614; x_wconf 83' lang='grc' dir='ltr'><strong>τόν</strong></span> 
     </span>
     <span class='ocr_line' id='line_1_24' title="bbox 198 2641 1293 2738; baseline 0 -24"><span class='ocrx_word' id='word_1_200' title='bbox 198 2651 255 2735; x_wconf 72' lang='grc' dir='ltr'><strong>τῆς</strong></span> <span class='ocrx_word' id='word_1_201' title='bbox 282 2647 462 2735; x_wconf 81' lang='grc' dir='ltr'><em>παρουσίας</em></span> <span class='ocrx_word' id='word_1_202' title='bbox 489 2641 603 2737; x_wconf 79' lang='grc' dir='ltr'><em>καιρόν</em></span> <span class='ocrx_word' id='word_1_203' title='bbox 626 2643 734 2738; x_wconf 77' lang='grc' dir='ltr'><em>αόντη</em></span> <span class='ocrx_word' id='word_1_204' title='bbox 764 2648 942 2716; x_wconf 78' lang='grc' dir='ltr'><em>συνέστειλε</em></span> <span class='ocrx_word' id='word_1_205' title='bbox 971 2645 1026 2714; x_wconf 77' lang='grc' dir='ltr'><strong>διὰ</strong></span> <span class='ocrx_word' id='word_1_206' title='bbox 1057 2645 1113 2714; x_wconf 89' lang='grc' dir='ltr'><strong>τόν</strong></span> <span class='ocrx_word' id='word_1_207' title='bbox 1136 2647 1293 2731; x_wconf 89' lang='grc' dir='ltr'><em>διόβολον</em></span> 
     </span>
    </p>
   </div>
   <div class='ocr_carea' id='block_1_3' title="bbox 199 2926 1303 3355">
    <p class='ocr_par' dir='ltr' id='par_1_13' title="bbox 199 2926 1303 3355">
     <span class='ocr_line' id='line_1_25' title="bbox 199 2926 1296 3002; baseline -0.005 -18"><span class='ocrx_word' id='word_1_208' title='bbox 199 2933 314 2985; x_wconf 79' lang='lat' dir='ltr'><strong>fortasse</strong></span> <span class='ocrx_word' id='word_1_209' title='bbox 337 2926 452 2980; x_wconf 81' lang='lat' dir='ltr'><strong>doemon</strong></span> <span class='ocrx_word' id='word_1_210' title='bbox 477 2927 526 2980; x_wconf 91' lang='lat' dir='ltr'><strong>ille</strong></span> <span class='ocrx_word' id='word_1_211' title='bbox 543 2928 732 2998; x_wconf 65' lang='lat' dir='ltr'><strong>praestigiator</strong></span> <span class='ocrx_word' id='word_1_212' title='bbox 758 2937 786 2982; x_wconf 87' lang='lat' dir='ltr'><strong>et</strong></span> <span class='ocrx_word' id='word_1_213' title='bbox 800 2931 924 2994; x_wconf 83' lang='lat' dir='ltr'><strong>invidus,</strong></span> <span class='ocrx_word' id='word_1_214' title='bbox 943 2930 1075 3002; x_wconf 74' lang='lat' dir='ltr'><strong>serpentia</strong></span> <span class='ocrx_word' id='word_1_215' title='bbox 1093 2929 1204 2982; x_wconf 86' lang='lat' dir='ltr'><strong>indutus</strong></span> <span class='ocrx_word' id='word_1_216' title='bbox 1223 2946 1296 2984; x_wconf 79' lang='lat' dir='ltr'><strong>cor.</strong></span> 
     </span>
     <span class='ocr_line' id='line_1_26' title="bbox 199 2993 1299 3072; baseline 0.003 -19"><span class='ocrx_word' id='word_1_217' title='bbox 199 3018 283 3072; x_wconf 88' lang='lat' dir='ltr'><strong>pore,</strong></span> <span class='ocrx_word' id='word_1_218' title='bbox 310 2993 500 3062; x_wconf 73' lang='lat' dir='ltr'><strong>formicario,</strong></span> <span class='ocrx_word' id='word_1_219' title='bbox 526 3000 683 3069; x_wconf 80' lang='lat' dir='ltr'><strong>velut,igne</strong></span> <span class='ocrx_word' id='word_1_220' title='bbox 701 3002 787 3070; x_wconf 82' lang='lat' dir='ltr'><strong>ipsam</strong></span> <span class='ocrx_word' id='word_1_221' title='bbox 805 3006 935 3070; x_wconf 73' lang='lat' dir='ltr'><strong>uigente,</strong></span> <span class='ocrx_word' id='word_1_222' title='bbox 953 3003 982 3052; x_wconf 93' lang='lat' dir='ltr'><strong>in</strong></span> <span class='ocrx_word' id='word_1_223' title='bbox 1000 3001 1125 3052; x_wconf 77' lang='lat' dir='ltr'><strong>animalis</strong></span> <span class='ocrx_word' id='word_1_224' title='bbox 1143 3012 1299 3056; x_wconf 72' lang='lat' dir='ltr'><strong>mansueta</strong></span> 
     </span>
     <span class='ocr_line' id='line_1_27' title="bbox 200 3068 1300 3142; baseline 0.003 -19"><span class='ocrx_word' id='word_1_225' title='bbox 200 3075 301 3124; x_wconf 74' lang='lat' dir='ltr'><strong>irncere</strong></span> <span class='ocrx_word' id='word_1_226' title='bbox 318 3069 399 3134; x_wconf 81' lang='lat' dir='ltr'><strong>iecit,</strong></span> <span class='ocrx_word' id='word_1_227' title='bbox 418 3087 479 3126; x_wconf 78' lang='lat' dir='ltr'><strong>cuns</strong></span> <span class='ocrx_word' id='word_1_228' title='bbox 495 3068 559 3121; x_wconf 87' lang='lat' dir='ltr'><strong>inde</strong></span> <span class='ocrx_word' id='word_1_229' title='bbox 576 3088 608 3121; x_wconf 90' lang='lat' dir='ltr'><strong>us</strong></span> <span class='ocrx_word' id='word_1_230' title='bbox 628 3088 663 3122; x_wconf 88' lang='lat' dir='ltr'><strong>ue</strong></span> <span class='ocrx_word' id='word_1_231' title='bbox 684 3070 719 3122; x_wconf 78' lang='lat' dir='ltr'><strong>ab</strong></span> <span class='ocrx_word' id='word_1_232' title='bbox 740 3071 819 3124; x_wconf 81' lang='lat' dir='ltr'><strong>initio</strong></span> <span class='ocrx_word' id='word_1_233' title='bbox 839 3070 939 3127; x_wconf 78' lang='lat' dir='ltr'><strong>invidie</strong></span> <span class='ocrx_word' id='word_1_234' title='bbox 958 3072 1074 3141; x_wconf 78' lang='lat' dir='ltr'><strong>quadam</strong></span> <span class='ocrx_word' id='word_1_235' title='bbox 1095 3079 1300 3142; x_wconf 77' lang='lat' dir='ltr'><strong>prosequatur,</strong></span> 
     </span>
     <span class='ocr_line' id='line_1_28' title="bbox 199 3089 1301 3212; baseline -0.005 -18"><span class='ocrx_word' id='word_1_236' title='bbox 199 3158 256 3194; x_wconf 89' lang='lat' dir='ltr'><strong>non</strong></span> <span class='ocrx_word' id='word_1_237' title='bbox 273 3141 325 3192; x_wconf 88' lang='lat' dir='ltr'><strong>hoc</strong></span> <span class='ocrx_word' id='word_1_238' title='bbox 350 3137 523 3210; x_wconf 81' lang='lat' dir='ltr'><strong>itniproscrri</strong></span> <span class='ocrx_word' id='word_1_239' title='bbox 550 3089 692 3210; x_wconf 70' lang='lat' dir='ltr'><strong>putaidtur</strong></span> <span class='ocrx_word' id='word_1_240' title='bbox 709 3150 740 3194; x_wconf 85' lang='lat' dir='ltr'><strong>ut</strong></span> <span class='ocrx_word' id='word_1_241' title='bbox 764 3143 875 3194; x_wconf 87' lang='lat' dir='ltr'><strong>omnino</strong></span> <span class='ocrx_word' id='word_1_242' title='bbox 894 3143 929 3193; x_wconf 81' lang='lat' dir='ltr'><strong>sit</strong></span> <span class='ocrx_word' id='word_1_243' title='bbox 945 3141 1136 3194; x_wconf 87' lang='lat' dir='ltr'><strong>reiiciendom:</strong></span> <span class='ocrx_word' id='word_1_244' title='bbox 1155 3160 1217 3194; x_wconf 78' lang='lat' dir='ltr'><strong>nam</strong></span> <span class='ocrx_word' id='word_1_245' title='bbox 1236 3160 1301 3212; x_wconf 77' lang='lat' dir='ltr'><strong>ge.</strong></span> 
     </span>
     <span class='ocr_line' id='line_1_29' title="bbox 199 3209 1302 3282; baseline 0.004 -18"><span class='ocrx_word' id='word_1_246' title='bbox 199 3229 252 3264; x_wconf 83' lang='lat' dir='ltr'><strong>nus</strong></span> <span class='ocrx_word' id='word_1_247' title='bbox 268 3211 320 3262; x_wconf 91' lang='lat' dir='ltr'><strong>hoc</strong></span> <span class='ocrx_word' id='word_1_248' title='bbox 340 3210 456 3262; x_wconf 75' lang='lat' dir='ltr'><strong>serarum</strong></span> <span class='ocrx_word' id='word_1_249' title='bbox 484 3211 537 3261; x_wconf 86' lang='lat' dir='ltr'><strong>sibi</strong></span> <span class='ocrx_word' id='word_1_250' title='bbox 553 3228 602 3280; x_wconf 88' lang='lat' dir='ltr'><strong>pro</strong></span> <span class='ocrx_word' id='word_1_251' title='bbox 632 3212 769 3264; x_wconf 87' lang='lat' dir='ltr'><strong>domicilio</strong></span> <span class='ocrx_word' id='word_1_252' title='bbox 788 3214 840 3264; x_wconf 81' lang='lat' dir='ltr'><strong>iam</strong></span> <span class='ocrx_word' id='word_1_253' title='bbox 858 3209 924 3264; x_wconf 89' lang='lat' dir='ltr'><strong>olim</strong></span> <span class='ocrx_word' id='word_1_254' title='bbox 941 3213 1092 3282; x_wconf 77' lang='lat' dir='ltr'><strong>usurpavit,</strong></span> <span class='ocrx_word' id='word_1_255' title='bbox 1110 3229 1169 3264; x_wconf 88' lang='lat' dir='ltr'><strong>cum</strong></span> <span class='ocrx_word' id='word_1_256' title='bbox 1187 3229 1237 3282; x_wconf 89' lang='lat' dir='ltr'><strong>per</strong></span> <span class='ocrx_word' id='word_1_257' title='bbox 1259 3215 1302 3268; x_wconf 84' lang='lat' dir='ltr'><strong>id</strong></span> 
     </span>
     <span class='ocr_line' id='line_1_30' title="bbox 200 3276 1303 3355; baseline 0 -21"><span class='ocrx_word' id='word_1_258' title='bbox 200 3301 250 3336; x_wconf 83' lang='lat' dir='ltr'><strong>noe</strong></span> <span class='ocrx_word' id='word_1_259' title='bbox 267 3276 385 3352; x_wconf 78' lang='lat' dir='ltr'><strong>paradisi</strong></span> <span class='ocrx_word' id='word_1_260' title='bbox 403 3281 504 3332; x_wconf 84' lang='lat' dir='ltr'><strong>finibus</strong></span> <span class='ocrx_word' id='word_1_261' title='bbox 522 3282 615 3345; x_wconf 87' lang='lat' dir='ltr'><strong>eiecit;</strong></span> <span class='ocrx_word' id='word_1_262' title='bbox 633 3283 728 3351; x_wconf 74' lang='lat' dir='ltr'><strong>itaque</strong></span> <span class='ocrx_word' id='word_1_263' title='bbox 745 3283 815 3334; x_wconf 84' lang='lat' dir='ltr'><strong>nihil</strong></span> <span class='ocrx_word' id='word_1_264' title='bbox 832 3297 938 3347; x_wconf 88' lang='lat' dir='ltr'><strong>novum,</strong></span> <span class='ocrx_word' id='word_1_265' title='bbox 956 3283 978 3335; x_wconf 85' lang='lat' dir='ltr'><strong>ei</strong></span> <span class='ocrx_word' id='word_1_266' title='bbox 989 3291 1076 3335; x_wconf 86' lang='lat' dir='ltr'><strong>motus</strong></span> <span class='ocrx_word' id='word_1_267' title='bbox 1088 3281 1191 3335; x_wconf 78' lang='lat' dir='ltr'><strong>invidie</strong></span> <span class='ocrx_word' id='word_1_268' title='bbox 1207 3287 1303 3355; x_wconf 78' lang='lat' dir='ltr'><strong>cupit</strong></span> 
     </span>
    </p>
   </div>
   <div class='ocr_carea' id='block_1_4' title="bbox 200 3352 670 3473">
    <p class='ocr_par' dir='ltr' id='par_1_14' title="bbox 200 3352 670 3473">
     <span class='ocr_line' id='line_1_31' title="bbox 200 3352 670 3473; baseline -0.006 -68"><span class='ocrx_word' id='word_1_269' title='bbox 200 3355 252 3405; x_wconf 82' lang='lat' dir='ltr'><strong>hac</strong></span> <span class='ocrx_word' id='word_1_270' title='bbox 269 3353 352 3404; x_wconf 78' lang='lat' dir='ltr'><strong>etiam</strong></span> <span class='ocrx_word' id='word_1_271' title='bbox 369 3360 440 3403; x_wconf 87' lang='lat' dir='ltr'><strong>terra</strong></span> <span class='ocrx_word' id='word_1_272' title='bbox 455 3369 506 3402; x_wconf 93' lang='lat' dir='ltr'><strong>nos</strong></span> <span class='ocrx_word' id='word_1_273' title='bbox 524 3352 670 3473; x_wconf 67' lang='lat' dir='ltr'><strong>expellere.</strong></span> 
     </span>
    </p>
   </div>
   <div class='ocr_carea' id='block_1_5' title="bbox 200 3421 1308 4202">
    <p class='ocr_par' dir='ltr' id='par_1_15' title="bbox 200 3421 1307 4121">
     <span class='ocr_line' id='line_1_32' title="bbox 270 3421 1303 3494; baseline -0.001 -19"><span class='ocrx_word' id='word_1_274' title='bbox 270 3424 308 3475; x_wconf 74' lang='lat' dir='ltr'><strong>Ac</strong></span> <span class='ocrx_word' id='word_1_275' title='bbox 323 3422 361 3474; x_wconf 87' lang='lat' dir='ltr'><strong>dc</strong></span> <span class='ocrx_word' id='word_1_276' title='bbox 379 3421 421 3473; x_wconf 84' lang='lat' dir='ltr'><strong>his</strong></span> <span class='ocrx_word' id='word_1_277' title='bbox 434 3421 544 3492; x_wconf 87' lang='lat' dir='ltr'><strong>quidem</strong></span> <span class='ocrx_word' id='word_1_278' title='bbox 582 3429 699 3475; x_wconf 79' lang='lat' dir='ltr'><strong>actenus.</strong></span> <span class='ocrx_word' id='word_1_279' title='bbox 718 3422 816 3494; x_wconf 85' lang='lat' dir='ltr'><strong>quodsi</strong></span> <span class='ocrx_word' id='word_1_280' title='bbox 828 3439 934 3476; x_wconf 78' lang='lat' dir='ltr'><strong>causam</strong></span> <span class='ocrx_word' id='word_1_281' title='bbox 951 3421 992 3474; x_wconf 82' lang='lat' dir='ltr'><strong>ris</strong></span> <span class='ocrx_word' id='word_1_282' title='bbox 1010 3437 1169 3491; x_wconf 68' lang='lat' dir='ltr'><strong>cognoscere</strong></span> <span class='ocrx_word' id='word_1_283' title='bbox 1186 3439 1303 3493; x_wconf 77' lang='lat' dir='ltr'><strong>quum-</strong></span> 
     </span>
     <span class='ocr_line' id='line_1_33' title="bbox 201 3493 1303 3562; baseline -0.002 -15"><span class='ocrx_word' id='word_1_284' title='bbox 201 3493 294 3547; x_wconf 89' lang='lat' dir='ltr'><strong>obrem</strong></span> <span class='ocrx_word' id='word_1_285' title='bbox 312 3493 380 3546; x_wconf 77' lang='lat' dir='ltr'><strong>seles</strong></span> <span class='ocrx_word' id='word_1_286' title='bbox 401 3499 430 3545; x_wconf 84' lang='lat' dir='ltr'><strong>et</strong></span> <span class='ocrx_word' id='word_1_287' title='bbox 445 3493 651 3562; x_wconf 74' lang='lat' dir='ltr'><strong>vespertiliones</strong></span> <span class='ocrx_word' id='word_1_288' title='bbox 669 3503 775 3546; x_wconf 77' lang='lat' dir='ltr'><strong>tantum</strong></span> <span class='ocrx_word' id='word_1_289' title='bbox 791 3502 872 3547; x_wconf 87' lang='lat' dir='ltr'><strong>noctu</strong></span> <span class='ocrx_word' id='word_1_290' title='bbox 893 3503 1000 3548; x_wconf 81' lang='lat' dir='ltr'><strong>acutum</strong></span> <span class='ocrx_word' id='word_1_291' title='bbox 1019 3493 1138 3556; x_wconf 72' lang='lat' dir='ltr'><strong>videant,</strong></span> <span class='ocrx_word' id='word_1_292' title='bbox 1158 3493 1228 3546; x_wconf 83' lang='lat' dir='ltr'><strong>hanc</strong></span> <span class='ocrx_word' id='word_1_293' title='bbox 1248 3499 1303 3550; x_wconf 84' lang='lat' dir='ltr'><strong>is-</strong></span> 
     </span>
     <span class='ocr_line' id='line_1_34' title="bbox 200 3561 1303 3634; baseline 0.003 -19"><span class='ocrx_word' id='word_1_294' title='bbox 200 3563 257 3616; x_wconf 82' lang='lat' dir='ltr'><strong>lam</strong></span> <span class='ocrx_word' id='word_1_295' title='bbox 275 3581 333 3617; x_wconf 89' lang='lat' dir='ltr'><strong>esse</strong></span> <span class='ocrx_word' id='word_1_296' title='bbox 351 3565 426 3617; x_wconf 87' lang='lat' dir='ltr'><strong>scito.</strong></span> <span class='ocrx_word' id='word_1_297' title='bbox 444 3572 509 3617; x_wconf 85' lang='lat' dir='ltr'><strong>eunt</strong></span> <span class='ocrx_word' id='word_1_298' title='bbox 523 3564 591 3617; x_wconf 75' lang='lat' dir='ltr'><strong>haee</strong></span> <span class='ocrx_word' id='word_1_299' title='bbox 609 3565 733 3617; x_wconf 76' lang='lat' dir='ltr'><strong>animalis</strong></span> <span class='ocrx_word' id='word_1_300' title='bbox 754 3566 864 3634; x_wconf 84' lang='lat' dir='ltr'><strong>spiritu,</strong></span> <span class='ocrx_word' id='word_1_301' title='bbox 884 3580 938 3634; x_wconf 89' lang='lat' dir='ltr'><strong>quo</strong></span> <span class='ocrx_word' id='word_1_302' title='bbox 956 3561 1083 3616; x_wconf 89' lang='lat' dir='ltr'><strong>cernendi</strong></span> <span class='ocrx_word' id='word_1_303' title='bbox 1099 3565 1139 3616; x_wconf 82' lang='lat' dir='ltr'><strong>vie</strong></span> <span class='ocrx_word' id='word_1_304' title='bbox 1157 3567 1303 3621; x_wconf 81' lang='lat' dir='ltr'><strong>contine.</strong></span> 
     </span>
     <span class='ocr_line' id='line_1_35' title="bbox 201 3634 1303 3707; baseline 0.007 -22"><span class='ocrx_word' id='word_1_305' title='bbox 201 3641 261 3696; x_wconf 86' lang='lat' dir='ltr'><strong>tur,</strong></span> <span class='ocrx_word' id='word_1_306' title='bbox 281 3644 345 3687; x_wconf 80' lang='lat' dir='ltr'><strong>esne</strong></span> <span class='ocrx_word' id='word_1_307' title='bbox 361 3636 488 3707; x_wconf 81' lang='lat' dir='ltr'><strong>pertenui</strong></span> <span class='ocrx_word' id='word_1_308' title='bbox 507 3635 637 3705; x_wconf 75' lang='lat' dir='ltr'><strong>praedite.</strong></span> <span class='ocrx_word' id='word_1_309' title='bbox 655 3643 820 3707; x_wconf 75' lang='lat' dir='ltr'><strong>quapropter</strong></span> <span class='ocrx_word' id='word_1_310' title='bbox 836 3635 859 3687; x_wconf 89' lang='lat' dir='ltr'><strong>is</strong></span> <span class='ocrx_word' id='word_1_311' title='bbox 876 3643 958 3688; x_wconf 85' lang='lat' dir='ltr'><strong>noctu</strong></span> <span class='ocrx_word' id='word_1_312' title='bbox 974 3634 1148 3688; x_wconf 81' lang='lat' dir='ltr'><strong>mediocriter</strong></span> <span class='ocrx_word' id='word_1_313' title='bbox 1165 3635 1200 3686; x_wconf 90' lang='lat' dir='ltr'><strong>ob</strong></span> <span class='ocrx_word' id='word_1_314' title='bbox 1218 3638 1303 3694; x_wconf 80' lang='lat' dir='ltr'><strong>solie</strong></span> 
     </span>
     <span class='ocr_line' id='line_1_36' title="bbox 202 3701 1306 3777; baseline 0.006 -25"><span class='ocrx_word' id='word_1_315' title='bbox 202 3701 353 3757; x_wconf 78' lang='lat' dir='ltr'><strong>absentiam</strong></span> <span class='ocrx_word' id='word_1_316' title='bbox 382 3704 561 3760; x_wconf 69' lang='lat' dir='ltr'><strong>condensatur</strong></span> <span class='ocrx_word' id='word_1_317' title='bbox 582 3714 610 3759; x_wconf 89' lang='lat' dir='ltr'><strong>et</strong></span> <span class='ocrx_word' id='word_1_318' title='bbox 629 3705 668 3758; x_wconf 78' lang='lat' dir='ltr'><strong>ad</strong></span> <span class='ocrx_word' id='word_1_319' title='bbox 683 3707 884 3775; x_wconf 79' lang='lat' dir='ltr'><strong>perceptionem</strong></span> <span class='ocrx_word' id='word_1_320' title='bbox 904 3721 990 3759; x_wconf 86' lang='lat' dir='ltr'><strong>rerum</strong></span> <span class='ocrx_word' id='word_1_321' title='bbox 1008 3705 1234 3777; x_wconf 74' lang='lat' dir='ltr'><strong>adspectabilium</strong></span> <span class='ocrx_word' id='word_1_322' title='bbox 1257 3711 1306 3764; x_wconf 65' lang='grc' dir='ltr'><strong>ῆι</strong></span> 
     </span>
     <span class='ocr_line' id='line_1_37' title="bbox 201 3772 1307 3848; baseline 0.004 -24"><span class='ocrx_word' id='word_1_323' title='bbox 201 3772 331 3826; x_wconf 84' lang='lat' dir='ltr'><strong>idoneos:</strong></span> <span class='ocrx_word' id='word_1_324' title='bbox 351 3778 453 3847; x_wconf 89' lang='lat' dir='ltr'><strong>qnippe</strong></span> <span class='ocrx_word' id='word_1_325' title='bbox 469 3776 589 3828; x_wconf 87' lang='lat' dir='ltr'><strong>interdiu</strong></span> <span class='ocrx_word' id='word_1_326' title='bbox 603 3785 732 3846; x_wconf 71' lang='lat' dir='ltr'><strong>tanquam</strong></span> <span class='ocrx_word' id='word_1_327' title='bbox 756 3775 946 3829; x_wconf 83' lang='lat' dir='ltr'><strong>subtilissimus</strong></span> <span class='ocrx_word' id='word_1_328' title='bbox 964 3777 1111 3846; x_wconf 78' lang='lat' dir='ltr'><strong>dissipator</strong></span> <span class='ocrx_word' id='word_1_329' title='bbox 1129 3795 1159 3829; x_wconf 79' lang='lat' dir='ltr'><strong>ac</strong></span> <span class='ocrx_word' id='word_1_330' title='bbox 1177 3776 1307 3848; x_wconf 81' lang='lat' dir='ltr'><strong>disper..</strong></span> 
     </span>
     <span class='ocr_line' id='line_1_38' title="bbox 201 3844 1305 3918; baseline 0.007 -26"><span class='ocrx_word' id='word_1_331' title='bbox 201 3844 282 3912; x_wconf 74' lang='lat' dir='ltr'><strong>gitur.</strong></span> <span class='ocrx_word' id='word_1_332' title='bbox 300 3845 373 3898; x_wconf 88' lang='lat' dir='ltr'><strong>idern</strong></span> <span class='ocrx_word' id='word_1_333' title='bbox 400 3857 428 3900; x_wconf 86' lang='lat' dir='ltr'><strong>et</strong></span> <span class='ocrx_word' id='word_1_334' title='bbox 446 3849 477 3899; x_wconf 84' lang='lat' dir='ltr'><strong>in</strong></span> <span class='ocrx_word' id='word_1_335' title='bbox 492 3847 553 3898; x_wconf 79' lang='lat' dir='ltr'><strong>eliis</strong></span> <span class='ocrx_word' id='word_1_336' title='bbox 574 3856 616 3899; x_wconf 81' lang='lat' dir='ltr'><strong>est</strong></span> <span class='ocrx_word' id='word_1_337' title='bbox 638 3847 747 3910; x_wconf 84' lang='lat' dir='ltr'><strong>videre,</strong></span> <span class='ocrx_word' id='word_1_338' title='bbox 765 3849 921 3916; x_wconf 80' lang='lat' dir='ltr'><strong>praesertim</strong></span> <span class='ocrx_word' id='word_1_339' title='bbox 941 3849 1006 3918; x_wconf 85' lang='lat' dir='ltr'><strong>ipsis</strong></span> <span class='ocrx_word' id='word_1_340' title='bbox 1023 3847 1052 3900; x_wconf 90' lang='lat' dir='ltr'><strong>in</strong></span> <span class='ocrx_word' id='word_1_341' title='bbox 1070 3848 1205 3904; x_wconf 82' lang='lat' dir='ltr'><strong>leonibus.</strong></span> <span class='ocrx_word' id='word_1_342' title='bbox 1227 3865 1305 3917; x_wconf 86' lang='lat' dir='ltr'><strong>quo</strong></span> 
     </span>
     <span class='ocr_line' id='line_1_39' title="bbox 202 3914 1305 3988; baseline 0.009 -22"><span class='ocrx_word' id='word_1_343' title='bbox 202 3914 234 3966; x_wconf 82' lang='lat' dir='ltr'><strong>fit</strong></span> <span class='ocrx_word' id='word_1_344' title='bbox 250 3920 281 3965; x_wconf 86' lang='lat' dir='ltr'><strong>ut</strong></span> <span class='ocrx_word' id='word_1_345' title='bbox 298 3915 471 3983; x_wconf 85' lang='lat' dir='ltr'><strong>splendorem</strong></span> <span class='ocrx_word' id='word_1_346' title='bbox 495 3917 632 3970; x_wconf 74' lang='lat' dir='ltr'><strong>radiorum</strong></span> <span class='ocrx_word' id='word_1_347' title='bbox 656 3917 782 3969; x_wconf 77' lang='lat' dir='ltr'><strong>solarium</strong></span> <span class='ocrx_word' id='word_1_348' title='bbox 806 3917 939 3988; x_wconf 72' lang='lat' dir='ltr'><strong>fugientes</strong></span> <span class='ocrx_word' id='word_1_349' title='bbox 960 3919 1041 3972; x_wconf 78' lang='lat' dir='ltr'><strong>etiem</strong></span> <span class='ocrx_word' id='word_1_350' title='bbox 1065 3919 1146 3973; x_wconf 80' lang='lat' dir='ltr'><strong>inriti</strong></span> <span class='ocrx_word' id='word_1_351' title='bbox 1163 3928 1220 3972; x_wconf 83' lang='lat' dir='ltr'><strong>toto</strong></span> <span class='ocrx_word' id='word_1_352' title='bbox 1236 3920 1305 3976; x_wconf 76' lang='lat' dir='ltr'><strong>(lie</strong></span> 
     </span>
     <span class='ocr_line' id='line_1_40' title="bbox 202 3984 1307 4060; baseline 0.01 -25"><span class='ocrx_word' id='word_1_353' title='bbox 202 3984 321 4035; x_wconf 84' lang='lat' dir='ltr'><strong>latitent.</strong></span> <span class='ocrx_word' id='word_1_354' title='bbox 338 4001 401 4035; x_wconf 81' lang='lat' dir='ltr'><strong>nam</strong></span> <span class='ocrx_word' id='word_1_355' title='bbox 420 3988 443 4038; x_wconf 82' lang='lat' dir='ltr'><strong>si</strong></span> <span class='ocrx_word' id='word_1_356' title='bbox 462 3989 565 4058; x_wconf 80' lang='lat' dir='ltr'><strong>absque</strong></span> <span class='ocrx_word' id='word_1_357' title='bbox 583 3987 637 4040; x_wconf 87' lang='lat' dir='ltr'><strong>hoc</strong></span> <span class='ocrx_word' id='word_1_358' title='bbox 656 3995 736 4052; x_wconf 74' lang='lat' dir='ltr'><strong>esset,</strong></span> <span class='ocrx_word' id='word_1_359' title='bbox 753 3987 840 4040; x_wconf 87' lang='lat' dir='ltr'><strong>libere</strong></span> <span class='ocrx_word' id='word_1_360' title='bbox 858 3989 953 4059; x_wconf 84' lang='lat' dir='ltr'><strong>utique</strong></span> <span class='ocrx_word' id='word_1_361' title='bbox 971 4005 1019 4060; x_wconf 91' lang='lat' dir='ltr'><strong>per</strong></span> <span class='ocrx_word' id='word_1_362' title='bbox 1036 3989 1109 4043; x_wconf 86' lang='lat' dir='ltr'><strong>diem</strong></span> <span class='ocrx_word' id='word_1_363' title='bbox 1127 3990 1307 4048; x_wconf 77' lang='lat' dir='ltr'><strong>oberrantes</strong></span> 
     </span>
     <span class='ocr_line' id='line_1_41' title="bbox 202 4051 1096 4121; baseline 0.008 -16"><span class='ocrx_word' id='word_1_364' title='bbox 202 4051 278 4105; x_wconf 82' lang='lat' dir='ltr'><strong>haud</strong></span> <span class='ocrx_word' id='word_1_365' title='bbox 297 4054 418 4121; x_wconf 76' lang='lat' dir='ltr'><strong>exiguam</strong></span> <span class='ocrx_word' id='word_1_366' title='bbox 445 4056 601 4110; x_wconf 83' lang='lat' dir='ltr'><strong>hominibus</strong></span> <span class='ocrx_word' id='word_1_367' title='bbox 622 4058 823 4112; x_wconf 84' lang='lat' dir='ltr'><strong>occurrentibus</strong></span> <span class='ocrx_word' id='word_1_368' title='bbox 843 4075 939 4112; x_wconf 76' lang='grc' dir='ltr'><em>ασκεω</em></span> <span class='ocrx_word' id='word_1_369' title='bbox 960 4061 1096 4115; x_wconf 70' lang='lat' dir='ltr'><strong>efferrent.</strong></span> 
     </span>
    </p>

    <p class='ocr_par' dir='ltr' id='par_1_16' title="bbox 273 4121 1308 4202">
     <span class='ocr_line' id='line_1_42' title="bbox 273 4121 1308 4202; baseline 0.009 -29"><span class='ocrx_word' id='word_1_370' title='bbox 273 4121 331 4174; x_wconf 87' lang='lat' dir='ltr'><strong>Hoc</strong></span> <span class='ocrx_word' id='word_1_371' title='bbox 359 4122 440 4173; x_wconf 82' lang='lat' dir='ltr'><strong>etism</strong></span> <span class='ocrx_word' id='word_1_372' title='bbox 465 4125 550 4189; x_wconf 81' lang='lat' dir='ltr'><strong>disee,</strong></span> <span class='ocrx_word' id='word_1_373' title='bbox 572 4129 680 4180; x_wconf 85' lang='lat' dir='ltr'><strong>leonem</strong></span> <span class='ocrx_word' id='word_1_374' title='bbox 706 4131 817 4200; x_wconf 75' lang='lat' dir='ltr'><strong>vestigio</strong></span> <span class='ocrx_word' id='word_1_375' title='bbox 843 4145 892 4182; x_wconf 83' lang='lat' dir='ltr'><strong>rue</strong></span> <span class='ocrx_word' id='word_1_376' title='bbox 917 4131 1076 4184; x_wconf 84' lang='lat' dir='ltr'><strong>contrehere</strong></span> <span class='ocrx_word' id='word_1_377' title='bbox 1104 4127 1308 4202; x_wconf 71' lang='lat' dir='ltr'><strong>(confundere</strong></span> 
     </span>
    </p>
   </div>
   <div class='ocr_carea' id='block_1_6' title="bbox 204 4191 1310 4274">
    <p class='ocr_par' dir='ltr' id='par_1_17' title="bbox 204 4191 1310 4274">
     <span class='ocr_line' id='line_1_43' title="bbox 204 4191 1310 4274; baseline 0.005 -30"><span class='ocrx_word' id='word_1_378' title='bbox 204 4193 306 4265; x_wconf 71' lang='lat' dir='ltr'><strong>Luc),</strong></span> <span class='ocrx_word' id='word_1_379' title='bbox 338 4191 445 4263; x_wconf 81' lang='lat' dir='ltr'><strong>quoties</strong></span> <span class='ocrx_word' id='word_1_380' title='bbox 461 4193 549 4264; x_wconf 83' lang='lat' dir='ltr'><strong>iprum</strong></span> <span class='ocrx_word' id='word_1_381' title='bbox 570 4198 655 4268; x_wconf 79' lang='lat' dir='ltr'><strong>aliqui</strong></span> <span class='ocrx_word' id='word_1_382' title='bbox 673 4207 882 4274; x_wconf 77' lang='lat' dir='ltr'><strong>persequuntur.</strong></span> <span class='ocrx_word' id='word_1_383' title='bbox 903 4201 1083 4258; x_wconf 70' lang='lat' dir='ltr'><strong>sitdominus</strong></span> <span class='ocrx_word' id='word_1_384' title='bbox 1103 4215 1211 4271; x_wconf 88' lang='lat' dir='ltr'><strong>quoque</strong></span> <span class='ocrx_word' id='word_1_385' title='bbox 1230 4216 1310 4254; x_wconf 86' lang='lat' dir='ltr'><strong>no-</strong></span> 
     </span>
    </p>
   </div>
   <div class='ocr_carea' id='block_1_7' title="bbox 0 0 1386 4617">
    <p class='ocr_par' dir='ltr' id='par_1_18' title="bbox 0 0 1386 4617">
     <span class='ocr_line' id='line_1_44' title="bbox 0 0 1386 4617; baseline 0 0"><span class='ocrx_word' id='word_1_386' title='bbox 0 0 1386 4617; x_wconf 95' lang='lat' dir='ltr'><strong> </strong></span> 
     </span>
    </p>
   </div>
  </div>
 </body>
</html>
