2742 4617
174 243 257 326 268
500 269 715 334 urcsmnus
743 269 907 334 osseas

171 421 409 484 κατασκοπεύοον
435 415 535 496 οὕτως
560 421 654 486 iusim
709 425 803 486 sorim
831 427 919 485 aocet
944 419 999 485 sni
1025 421 1081 486 snt
1105 423 1145 509 τή
1161 421 1259 510 χήρᾳ

170 517 336 606 Κανδάκῃ.
379 519 451 584 αλλ’
468 515 567 586 ἑάλω·
588 523 690 604 ἐκείνη
707 517 767 605 yoip
788 518 829 585 sai
846 517 1033 603 συστήματα
1057 519 1161 584 αδτοδ
1180 547 1257 602 μα.

38 643 40 656 ·
67 631 97 684 V.
112 619 274 686 ιιαδσῦοα
309 610 364 702 (ήν
383 617 444 702 γὰρ
468 615 524 684 τδν
549 622 610 700 μὲν
633 623 696 684 scis
715 617 892 706 σ’φδαλμῶν
910 615 1117 701 γλαυκδςτόν
1136 620 1171 684 δὲ
1190 621 1257 700 με’-

169 720 242 800 λας)
264 711 332 796 ἅμα
352 721 397 806 τῷ
426 718 505 784 ἰδεῖν
524 715 622 784 αδτὸν
646 713 714 784 εἶπε
731 717 887 800 ,βασιλεῦ
892 712 1100 800 Ἀλέξανδρε,
1120 715 1175 782 τόν
1193 715 1254 782 κό-

168 837 247 895 σμον
275 811 400 898 ἔλαβες,
436 818 492 882 καί
520 815 599 900 γυνή
619 841 654 882 σε
686 820 895 902 παρέλαβεν.”
934 812 975 898 ἢν
1001 820 1058 879 καί
1074 813 1182 898 λαβήν
1201 819 1286 891 εδς5

167 919 318 996 γυναῖκα,
337 919 393 980 καί
412 918 458 990 εἰς
477 915 641 1000 Αἴγυπτον
661 915 830 994 ἀπελθών,
856 917 913 980 καί
928 913 985 999 τήν
1000 912 1141 999 μεγάλην
1157 917 1254 982 Ἀλε·
1273 924 1278 930 ’

168 1011 337 1096 ξάυδρειαν
369 1015 495 1095 κτίσας,
529 1015 585 1082 καί
608 1017 812 1101 ὑποστρέψας
839 1018 885 1091 εἰς
904 1016 1101 1094 Βαβυλῶνα,
1121 1014 1254 1099 τελευτή

72 1127 100 1178 Ρ.
114 1111 249 1193 rtadcois
276 1106 340 1192 λδ,
371 1107 493 1177 δώδεκα
521 1117 577 1179 uas*
605 1113 687 1195 μόνα
716 1114 875 1198 κρατήσας
902 1111 975 1196 ἔτη,
1006 1110 1253 1196 φρονιμώτατος

168 1206 366 1273 adnostros*
384 1209 612 1294 α’νδρειότατος.
664 1211 719 1278 διαὶ
740 1211 802 1297 γαρ
822 1212 915 1277 τοῦτο
935 1210 991 1275 sni
1008 1210 1130 1295 πτηνήν
1150 1205 1253 1274 αὐτὸν

168 1305 358 1393 παρδαλινδ
386 1305 548 1395 προφήτης
577 1313 718 1396 προεῖδε,
746 1311 783 1377 ssi
813 1309 967 1394 p‘cydoi‘osr
997 1305 1303 1385 adscondatis·

167 1409 355 1490 παριστῶσα
385 1403 440 1471 καὶ
466 1405 502 1472 ssi
534 1402 626 1494 cipum
646 1412 814 1494 διαστῆναι
840 1407 919 1489 μετὰ
943 1411 1104 1493 τροπαίαν
1121 1405 1179 1494 τήν
1201 1409 1251 1472 oi-

167 1507 330 1588 κσυμλνην.
379 1508 504 1588 λέγεται
529 1509 566 1573 δὲ
595 1505 644 1572 δτι
663 1511 719 1572 καί
744 1507 920 1594 φιλοσόφου
949 1506 1031 1583 τινὸς
1050 1500 1184 1591 ἥκουσιν
1203 1509 1250 1571 ss‘·

166 1600 275 1676 πόντος
292 1601 445 1687 δπεδρους
465 1599 546 1670 εἶναι
565 1608 711 1688 κόσμους,
728 1608 785 1672 καί
795 1610 877 1690 polyc
890 1604 1039 1686 στενάξας
1058 1603 1122 1692 ἔφη
1135 1607 1250 1688 ,,α’πει’.

167 1725 232 1784 ραν
251 1694 349 1766 ὄντων
375 1701 510 1786 μηδενὸς
540 1703 601 1788 iyai
625 1703 829 1791 κεκρατήκα.”
873 1703 955 1770 ἄλλα
978 1708 1033 1769 καί
1048 1705 1104 1769 dns*
1119 1726 1251 1789 σωφρο-

168 1795 248 1887 σύνῃ
271 1797 489 1884 ἐθαυμάζετο·
507 1801 567 1879 τας
588 1803 648 1890 γὰρ
670 1803 809 1890 Δαρείου
829 1807 1007 1888 θυγατέρας
1027 1802 1300 1885 αλχμαλιδτουςιὸ

169 1895 328 1984 κρατήσας
347 1899 424 1966 οὐδὲ
443 1901 523 1968 ἰδεῖν
541 1905 714 1986 ἠνέσχετο,
741 1905 880 1987 α’πριπὲς
899 1896 980 1966 εἶναι
999 1900 1098 1969 einais
1121 1899 1174 1968 τὸν
1192 1895 1249 1966 ἄν·

142 2000 250 2081 Βδρας
276 2000 476 2084 κρατήσαντα
508 1997 569 2066 s‘osd
598 2005 755 2086 γυναικῶν
785 2003 988 2087 κρατήδήναι.
1036 2000 1190 2075 ιδσαδτας
1213 2002 1250 2066 di
1282 2030 1286 2042 ·

170 2101 226 2164 καί
246 2096 300 2164 s'rss'
328 2103 500 2189 φιλοσοφία
528 2105 583 2167 καί
600 2103 765 2191 δγχινοιζι·
813 2103 858 2190 τῷ
879 2099 940 2186 γοίρ
958 2101 1168 2184 Ἀριστοτέλει
1187 2124 1249 2164 πα·

172 2197 397 2282 ρήκολοδθήσε.
451 2197 700 2281 πολεμικώτατος
727 2202 763 2266 dd
785 2199 841 2264 καὶ
865 2201 1096 2282 τολμηρότατος
1114 2191 1176 2280 sis,
1196 2195 1251 2262 καὶ

171 2297 248 2363 idcir
267 2293 433 2377 δμαίνυμου
453 2298 542 2385 crispi
562 2300 720 2363 νεανίσκον
739 2296 807 2362 τινὰ
821 2299 933 2373 δειλοῖς
945 2295 1143 2381 μαχόμενον,
1164 2291 1297 2364 circesso

170 2390 213 2479 „ri
231 2393 292 2464 τόνχ
309 2391 426 2480 τρόπον
447 2388 581 2475 ἅλλαξον
599 2391 622 2480 'l
642 2396 699 2480 τήν
716 2399 855 2480 κλήσιν.”
990 2397 995 2402 ’

171 2657 206 2707 tis
223 2655 333 2707 victoria
350 2654 425 2706 facili
441 2655 604 2725 potiebatur.
627 2654 722 2707 eadem
748 2664 805 2708 aste
824 2655 967 2708 Candacen
983 2656 1091 2708 viduam
1109 2670 1246 2724 aggressu-

171 2743 215 2777 rus
240 2726 405 2795 interceptus
432 2735 489 2778 est:
509 2727 578 2778 'unm
602 2743 661 2777 cum
679 2743 711 2777 ea
736 2735 813 2779 notas
831 2727 916 2796 ipsius
938 2726 1092 2796 indiciaque
1113 2725 1246 2777 naturalis

169 2797 350 2866 percepisset,
368 2795 442 2866 quod
461 2797 529 2849 alter
549 2797 653 2848 scilicet
672 2797 766 2849 ocolus
779 2798 806 2850 ei
824 2799 964 2848 caeruleos
984 2797 1054 2849 alter
1073 2797 1150 2864 niger
1167 2803 1245 2860 esset,

169 2867 283 2919 simulac
301 2883 362 2918 enm
384 2867 484 2920 intuita
504 2875 558 2932 est,
578 2867 647 2918 dixit
663 2867 811 2931 „mundum
831 2877 860 2920 tu
877 2868 1001 2938 quidem,
1019 2883 1067 2918 rex
1084 2866 1243 2928 Alexander,

169 2937 325 3006 occupasti,
345 2945 374 2990 nt
391 2947 418 2990 tc
435 2937 532 2990 mulier
549 2946 628 3007 cepit.
666 2947 748 3006 rgrtur
764 2937 815 2989 hac
831 2955 915 2989 uxore
934 2937 1029 3002 dncts,
1050 2938 1080 2989 in
1095 2935 1245 3005 Aegyptum

167 3008 303 3077 proiectus
321 3025 440 3077 magnam
461 3008 536 3059 illam
547 3007 737 3060 Alexandriam
754 3007 884 3060 condidit
899 3007 964 3060 inde
976 3007 1140 3074 Babylonem
1156 3023 1244 3059 raser-

168 3095 221 3142 sus,
240 3095 324 3130 annos
342 3079 395 3130 iam
416 3081 448 3130 32
468 3086 555 3143 natus,
573 3077 652 3130 rebus
671 3078 795 3130 humanis
811 3079 926 3142 excedit,
944 3095 1004 3130 cnm
1021 3077 1166 3129 duodecim
1184 3085 1244 3128 tsn-

166 3157 223 3200 tum
240 3165 323 3200 annos
352 3151 525 3218 imperasset,
552 3149 594 3199 sir
609 3148 683 3200 haud
702 3148 785 3200 dubie
806 3150 1017 3220 sapientissimae
1036 3165 1067 3198 ac
1086 3148 1244 3199 fortissimus

166 3221 294 3270 omnium.
315 3220 410 3271 iccirco
432 3228 506 3271 vates
526 3235 587 3270 enm
605 3237 634 3271 se
651 3221 823 3289 conspexisse
847 3219 931 3272 tradit
947 3222 975 3270 in
991 3219 1108 3271 volneris
1126 3218 1243 3287 pardali-

166 3287 209 3341 dis
227 3291 332 3359 specie,
349 3290 442 3342 solens
461 3288 512 3341 hoc
532 3298 609 3359 pacto
630 3291 762 3360 impetum
779 3299 808 3343 et
829 3291 995 3342 celeritatem
1013 3290 1098 3358 ipsius
1117 3287 1242 3340 ostends-

166 3376 212 3423 rc,
233 3361 362 3430 quodque
385 3359 474 3412 subito
500 3361 619 3412 victoriis
639 3361 693 3412 suis
723 3360 815 3412 osbcm
833 3369 961 3412 terrarum
979 3359 1164 3428 pervolaverit.
1181 3374 1241 3428 pcr-

164 3428 262 3482 hibent
279 3431 427 3501 aliquando
442 3447 503 3482 eum
522 3430 686 3483 inaudivisse
711 3431 745 3483 de
771 3431 933 3500 philosopho
951 3429 1084 3498 quodam,
1102 3430 1150 3498 qui
1165 3442 1241 3480 mnn-

165 3499 214 3552 dos
232 3501 353 3556 infinitos
373 3517 432 3555 esse
447 3500 557 3556 deeras.
575 3509 635 3552 tum
651 3517 715 3553 vero
729 3502 830 3570 gemitu
847 3501 951 3570 ingenti
970 3499 1045 3550 edito
1070 3498 1179 3561 „itanc”
1196 3500 1241 3560 ait,

165 3571 285 3632 „inliniti
312 3581 391 3636 sunt,
417 3587 478 3623 cum
494 3587 542 3638 ego
561 3588 596 3623 ns
616 3589 699 3625 unum
724 3572 834 3641 quidem
854 3569 944 3622 adhuc
960 3567 1142 3620 devicesim?”
1162 3570 1240 3620 etiam

164 3640 312 3710 pudicitiae
338 3643 523 3712 castitatisque
551 3643 660 3694 nominc
685 3659 806 3711 magnam
834 3639 942 3692 laudem
969 3640 1076 3690 meruit
1097 3657 1156 3689 cum
1172 3639 1240 3690 enim

162 3711 283 3832 itit
299 3714 374 3836 iii*
391 3709 1240 3836 ‘iit'ttltttttltl‘zts”sititt‘ttiiits‘t

163 3799 322 3902 mulisrlbils
342 3800 499 3908 vinenqdorl
517 3854 605 3906 miuus
623 3869 655 3904 ex
679 3851 852 3922 philosophia
876 3798 1045 3902 etqacumine
1063 3850 1165 3918 ingenii
1183 3818 1235 3900 ta'a-

163 3920 205 3973 dis
227 3920 341 3990 adeptus
369 3933 423 3986 est,
454 3933 485 3976 ut
512 3925 558 3993 qui
579 3923 750 3975 Aristotelem
779 3922 934 3972 audivisset
951 3936 1065 3990 cumque
1085 3922 1114 3971 in
1132 3920 1238 3990 praeliis

162 3991 387 4044 concitatissimos
411 4002 439 4043 et
466 3993 655 4045 audacissimus
683 4001 771 4054 esset,
799 3992 869 4044 sorte
893 3992 1062 4060 conspicatus
1093 3989 1237 4061 aliquande

162 4061 297 4131 quendam
316 4061 513 4117 aslolesccntem
534 4064 586 4114 sibi
605 4065 799 4132 cognominem,
820 4064 867 4133 qui
886 4061 991 4130 trepide
1012 4069 1162 4131 pugnaret,
1180 4061 1238 4126 „sel

163 4131 300 4185 indolsm”
317 4131 407 4202 inquit
427 4139 473 4196 „st
493 4134 610 4184 animum
629 4132 701 4184 hunc
724 4143 843 4198 mutato,
861 4134 904 4186 sel
924 4133 1049 4186 nomen.''
