2742 4617
514 282 772 349 ruoounttun.
1134 284 1193 351 XV

106 463 143 502 ex
172 440 220 503 bis
238 438 358 503 abunde
390 440 451 501 iam
474 437 593 521 liquere
621 436 750 520 Glycam
783 444 925 497 nostrum
951 436 1076 518 quosvis
1108 437 1191 519 apud

105 561 249 605 censores
269 540 358 603 facile
378 538 504 622 digram
519 558 551 600 se
571 538 782 621 probaturum
805 535 859 620 qui
879 536 1049 599 Romanam
1064 538 1096 599 iu
1112 537 1191 599 civi.

107 650 204 705 tatem
236 640 427 703 admittatur.
462 648 602 703 ceterum
629 646 665 700 ut
683 637 800 720 partim
830 656 891 699 nou
914 647 1011 699 essent
1031 637 1087 721 qui
1107 638 1192 701 forte

106 762 156 803 res
177 741 216 803 ab
237 740 434 825 sequentibus
454 736 621 801 Iohannem
641 736 834 821 principibus
852 744 950 819 gestas
969 736 1188 812 desiderarent,

104 840 224 923 partim
244 848 280 903 ut
300 841 362 923 ipse
375 840 485 923 Glycas
505 858 542 902 eo
560 837 766 903 confidentius
786 837 819 899 in
841 834 1003 901 bominum
1016 838 1112 902 oculis
1130 838 1191 901 bac

104 942 200 1001 etiam
231 938 498 1005 commendatione
526 940 624 1003 fretus
654 946 836 1021 appareret,
870 936 1005 1003 adiicere
1035 938 1191 1025 quoddam

102 1041 194 1103 velut
213 1034 378 1124 ὲπᾲιετρον
398 1039 436 1103 de
458 1048 564 1103 nostro
586 1036 757 1116 voluimus,
786 1060 851 1122 quo
871 1053 978 1101 census
992 1039 1059 1103 eius
1076 1043 1191 1102 noum.

103 1142 150 1203 hil
172 1146 348 1224 augeretur.
379 1138 418 1203 de
446 1140 621 1203 certissimis
651 1140 735 1202 euim
760 1138 981 1221 scriptoribus,
1012 1139 1046 1201 in
1079 1142 1191 1224 quibus

103 1242 210 1303 locum
230 1240 319 1303 facile
339 1240 511 1324 principem
528 1238 673 1303 obtinent
693 1239 857 1301 choniates
864 1238 1079 1317 scammata,
1099 1241 1191 1303 Nice.

102 1340 225 1423 phoras
236 1342 390 1424 Gregoras
401 1386 410 1419 ,
436 1340 588 1403 Laouicus
596 1338 798 1417 Atheniensis,
810 1339 1009 1424 Byzantium
1019 1338 1191 1419 historiam,

104 1440 194 1501 iilum
229 1441 320 1523 ipsius
341 1441 454 1525 Glycae
473 1442 590 1517 secuti,
620 1438 745 1503 adeius
766 1440 855 1523 regui
872 1460 932 1523 per
950 1440 1073 1502 Turcos
1092 1443 1190 1503 eversi

105 1542 201 1603 linem
215 1542 434 1621 contexuimus,
452 1550 487 1603 ut
509 1540 595 1626 quod
609 1542 739 1625 sparsim
753 1540 900 1603 hactenus
916 1549 950 1602 et
968 1560 1003 1602 er
1018 1540 1110 1603 variis
1132 1562 1189 1623 pe-

102 1640 233 1703 tendum
255 1651 342 1722 erat,
361 1662 439 1704 uuo
460 1643 520 1702 iam
541 1640 622 1703 libro
645 1638 808 1703 commode
831 1638 961 1702 lectores
981 1640 1189 1724 compmbcn.

101 1764 172 1804 sum
192 1742 375 1805 invenirent,
397 1742 480 1823 apud
500 1750 650 1819 severo,
671 1741 823 1818 Domine,
843 1760 961 1802 novum
980 1740 1064 1801 bunc
1089 1741 1189 1805 civem

101 1844 279 1904 Romanum
305 1842 343 1903 ab
365 1841 452 1903 initio
473 1843 580 1905 sistere
602 1840 704 1919 volui,
736 1838 821 1924 quod
840 1840 982 1901 futurum
1001 1840 1092 1923 plane
1112 1840 1189 1903 milri

102 1940 339 2022 persuaderem,
360 1949 397 2001 nt
413 1942 438 2002 si
459 1939 537 2021 tibl,
558 1940 677 2002 censori
698 1940 796 2020 polito
823 1948 856 1999 et
875 1938 1082 2023 incorrupto,
1110 1962 1189 2025 pro.

101 2041 244 2120 baretur,
266 2061 305 2103 eo
326 2040 443 2102 facilius
460 2039 594 2101 aliorum
606 2038 663 2101 sibi
682 2038 813 2119 gratiam
834 2046 928 2121 atque
944 2040 1190 2102 benevolentiam

101 2139 293 2203 conciliaret
323 2148 486 2221 praeterea
509 2140 577 2199 iure
606 2135 743 2221 quodam
766 2144 823 2198 tuo
843 2138 902 2199 trlri
920 2158 954 2200 se
974 2138 1084 2216 offert,
1104 2138 1191 2223 quod

98 2240 237 2303 bominis
258 2260 356 2323 opera
388 2238 523 2322 degentis
545 2238 577 2299 in
607 2246 661 2299 tua
681 2235 796 2297 familia
814 2244 930 2298 restem
947 2238 1118 2299 Romanam
1139 2239 1189 2299 in.

98 2340 219 2403 aluerit.
241 2338 375 2423 denique
393 2339 599 2416 sambucum,
620 2338 676 2420 qui
694 2336 839 2419 princeps
860 2337 892 2397 in
910 2357 982 2399 eum
1003 2336 1189 2400 beneficium

95 2440 164 2501 boc
175 2439 250 2501 lueis
258 2438 412 2501 liberioris
423 2437 569 2513 contulit,
582 2436 614 2497 in
627 2456 662 2497 os
675 2434 802 2497 laudare
816 2456 894 2517 prae
915 2436 1104 2500 verecundia
1123 2460 1185 2501 non

96 2558 207 2601 ausus.
233 2536 315 2621 apud
334 2546 366 2601 te
386 2539 489 2599 virum
510 2536 669 2622 praeclare
691 2533 730 2597 de
751 2534 861 2598 litteris
875 2538 1022 2599 meritum
1035 2547 1067 2600 ct
1087 2536 1187 2598 udlruc

95 2634 238 2699 cottidie
256 2646 424 2700 merentem
435 2636 615 2720 praedicare
638 2633 747 2711 soluit,
770 2656 863 2719 quem
880 2636 974 2699 sciret
992 2635 1186 2700 emditorom

93 2734 213 2799 studiis
234 2734 274 2795 ad
291 2737 335 2798 rei
353 2737 490 2819 publicae
511 2733 673 2799 commoda
692 2735 900 2817 spectantrbus
922 2758 1015 2820 quam
1033 2736 1185 2801 honestis-

93 2838 179 2899 sime
199 2856 323 2919 cupere.
344 2834 415 2899 dixi.

398 3072 606 3145 GLYCAS
633 3074 895 3145 SAMBUCO.

188 3245 258 3306 Non
279 3246 479 3329 proditurum
501 3272 549 3312 me
570 3250 720 3312 Sambuce
742 3251 883 3333 sperabas

184 3344 306 3425 solum,
330 3356 403 3431 toga
427 3370 530 3411 recens
553 3349 699 3411 amictum
715 3352 877 3426 Romana,

185 3444 240 3527 qui
261 3444 402 3529 palliatus
424 3468 513 3511 more
535 3448 664 3511 antebac
684 3470 769 3510 eram
791 3450 898 3509 Graio.

186 3544 367 3608 comitarier
386 3569 435 3609 me
457 3549 604 3610 nimirum
629 3550 854 3631 imperatorum

183 3640 311 3706 'l’lsemis
330 3668 473 3711 meorum
494 3658 526 3711 et
546 3646 641 3710 dulcis
664 3647 716 3711 ille
734 3647 884 3722 debebat,

184 3764 306 3809 mecum
327 3748 494 3823 Manasses,
519 3748 573 3833 qui
599 3746 722 3811 delituit
745 3746 870 3808 inritos.

184 3840 238 3906 scd
261 3846 415 3929 surripuit
436 3848 518 3910 illam
540 3848 672 3932 ungulae
691 3846 830 3909 leoninae

185 3944 393 4028 nequiterque
412 3948 554 4032 clamque
574 3947 684 4031 clepsit
705 3956 736 4010 et
753 3947 870 4027 fugiens
891 3966 992 4007 secum

182 4042 311 4125 quidam
335 4046 477 4125 abstulit,
499 4048 634 4133 Phrygia
655 4047 694 4109 de
726 4053 815 4129 gente
837 4044 887 4106 cui
909 4067 1035 4117 nomen,

181 4164 352 4225 stumquam
372 4146 432 4209 boc
453 4157 562 4230 aperto
586 4148 640 4229 pol
656 4148 793 4209 Gradivo
816 4146 960 4207 facturus.
