2742 4617
460 258 674 329 muarsuu
702 264 806 331 caus
833 267 875 330 u.
1111 241 1193 327 283

108 403 275 490 Ἰσραηλδ
295 403 373 484 θεός
392 405 450 494 τὴν
474 409 594 496 ρ’άβδον
619 414 668 490 είς
686 405 764 500 όηιν
780 415 972 500 μεταβάλλει
979 463 990 497 ,
1011 415 1066 480 ἐπί
1084 415 1121 482 di
1139 419 1195 483 τοῦ

113 503 236 590 Φαραώ
258 505 304 580 εἰς
320 503 495 590 δράκοντα,
509 511 561 576 ἵνα
580 515 625 598 aqi
642 517 771 597 μεγέθει
791 513 971 600 ιιατσπλήξη
991 508 1117 589 ον’τοάς.
1138 515 1196 598 δῆ-

111 607 166 670 λον
201 606 237 670 ts
267 599 320 670 δτι
352 603 472 689 ἀληθὲς
489 611 580 673 τοῦτο
600 608 634 674 τό
655 617 787 696 σημεῖον
813 605 870 695 ἢν,
889 609 924 676 τό
949 612 986 676 di
1004 614 1066 678 reis
1084 609 1195 696 μάγων

111 704 288 788 φαντασία·
330 701 380 767 διό
401 702 456 770 καί
472 705 628 794 κατεπόθη
647 708 711 774 sind
735 712 792 794 τῆς
806 710 960 794 α’ληθείας
980 710 1001 795 ἦ
1022 713 1192 798 φαντασία.

82 803 180 879 bdli'
205 807 263 866 σάν
282 803 428 868 curtare
452 801 471 872 ό
493 803 615 891 ousae
642 811 804 890 ursoaetm,
825 814 975 890 μαίνεται
997 812 1034 875 δὲ
1053 813 1195 892 μᾶλλον,

110 905 167 970 ταί
187 909 254 980 τοῖς
273 901 441 979 Ἰουδαίοις
471 906 526 970 ἐπί
544 907 637 972 πλέον
656 905 843 973 ἐπιτίθεται.
884 903 960 974 ὅθεν
979 912 1036 974 ναί
1048 914 1223 993 pumilae

111 1001 211 1070 αδτδν
231 1001 248 1070 o‘
271 997 354 1079 θεός.
395 1009 465 1078 ταῖς
484 1005 722 1088 ἐπενεχθείσαις
740 1007 777 1071 dd
796 1013 866 1074 κατ’
886 1009 986 1073 adsoni
995 1005 1122 1090 μάστιξι
1140 1013 1196 1076 sai

109 1101 260 1186 τοιαότην
277 1104 361 1184 λέγει
380 1109 545 1188 προσεῖναι
566 1102 723 1190 μάστιγα·
764 1109 908 1192 φθειρῶν
925 1105 987 1192 γάρ
1007 1115 1074 1183 τοῖς
1092 1109 1193 1191 Aiyu·

109 1199 214 1276 ατίεις
239 1195 408 1286 δξὴνθησεν
434 1194 565 1285 ἄπειρόν
585 1227 618 1266 τι
648 1205 769 1286 πλῆθος
789 1202 919 1270 ἔνδοθεν
940 1206 1194 1289 ἀναδιδομένων,

62 1299 167 1388 ιοδφ·
187 1291 232 1366 sir
253 1301 364 1368 διεῖναι
383 1303 485 1376 κακῶς
505 1299 683 1384 ducilem,
712 1300 791 1390 μήτε
811 1310 952 1388 λουτροῖς
971 1306 1051 1392 μήτε
1068 1309 1194 1389 χρίσεσι

108 1401 288 1486 φαρμάκων
306 1399 496 1486 διαφθεῖραι
516 1398 550 1467 τό
573 1404 661 1484 μόνος
690 1405 797 1469 αάταῖν
815 1405 995 1487 δυνάμενοι.
1035 1404 1091 1469 κατ’
1112 1400 1193 1472 orius

107 1501 171 1582 μὲν
191 1495 208 1570 ὅ
225 1493 394 1584 Ἰώσηπος.
448 1583 451 1594 Ι

192 1595 240 1668 Ad
259 1601 377 1683 πληγαί
399 1600 452 1682 δι’,
471 1599 631 1689 άγαπητό,
652 1599 692 1678 cic
711 1601 729 1667 δ
749 1601 824 1680 θεός
840 1604 989 1688 δπηνεγαι
1008 1606 1051 1691 rqi
1070 1605 1192 1686 Φαραώ

107 1697 155 1784 μὴ
182 1700 357 1786 πειθομένῳ
391 1696 444 1766 τόν
469 1700 545 1768 λαόν
576 1701 752 1784 ἀπολῦσαι,
782 1701 932 1770 δίκαιόν
953 1697 1192 1788 άριθμόνιιατά

62 1797 145 1866 ι5τό
167 1800 201 1864 ἐν
222 1795 321 1887 ἐξόδῳ
348 1801 566 1886 γεγραμμένον
591 1801 670 1867 εἰσί·
718 1804 795 1867 δέκα
812 1801 869 1868 καί
887 1802 949 1887 γάρ
971 1799 1094 1882 κολάζει
1112 1807 1226 1887 πλη-υ

108 1905 180 1984 γαίς
200 1897 253 1964 διό
264 1921 300 1981 γε
317 1895 373 1964 τόν
389 1901 507 1964 τέλειον
530 1900 669 1983 ἀριθμόν
682 1901 759 1978 τεός
778 1901 999 1986 ἡμαρτηκότας
1017 1899 1058 1968 τά
1076 1905 1192 1971 τέλεια.

110 1995 168 2064 ταί
185 1995 291 2084 πράτη
312 2000 372 2080 μὲν
391 1996 412 2084 ἧ
435 2003 499 2064 τῶν
530 2001 566 2064 ἐν
584 1995 739 2088 Αδγόπτιρ
760 2001 883 2066 πάντων
902 1998 1025 2066 όδάτων
1044 2001 1090 2076 εἰς
1111 1993 1227 2082 νόμον.
1240 2015 1284 2068 ι5ι

110 2095 282 2182 μεταβολή.
321 2094 430 2162 διὰτί
456 2099 491 2162 dd
513 2101 569 2164 καί
587 2101 671 2176 τίνος
690 2103 793 2165 ἕνεκεν
812 2100 846 2178 ἐξ
865 2095 994 2165 όδάτων
1013 2095 1131 2173 adroic
1150 2095 1231 2163 adv.
1244 2124 1291 2177 ειη

111 2196 220 2277 πρῶτα
249 2194 374 2275 κολάζει
396 2192 414 2262 ό
435 2190 529 2278 θεόςς
550 2194 632 2263 διότι
658 2196 695 2262 τό
714 2193 803 2282 άδωρ
822 2194 1037 2285 διαφερόντως
1055 2197 1193 2278 δτίμων,

62 2292 217 2386 ιοάρχηῖν
241 2297 332 2362 τοῦτο
359 2297 417 2380 vis
446 2297 509 2361 sois
529 2289 611 2362 όλων
629 2298 788 2380 γενέσεως
810 2290 893 2362 εἶναι
914 2294 1060 2376 οἰόμενοι.
1100 2293 1193 2362 ἔνθεν

110 2415 159 2460 τοι
184 2397 239 2460 κατ’
270 2397 381 2460 πολλοί
398 2398 569 2482 τηνικαῦτα
596 2395 660 2462 τάν
689 2395 868 2484 άνθροόπιον
895 2391 1099 2482 ἐφθάρησαν·
1138 2395 1194 2461 rat

114 2657 195 2715 δοντα
213 2661 242 2719 tn
260 2659 327 2712 rubo
345 2659 455 2732 quidem
472 2669 644 2732 conspectum
661 2663 760 2730 virgam
777 2663 807 2714 ln
824 2668 975 2732 serpentem
994 2669 1127 2724 mutasse,
1144 2679 1191 2714 co-

113 2747 169 2784 ram
188 2731 324 2784 Pharaone
340 2749 404 2784 vero
421 2733 450 2784 in
463 2732 614 2796 draconem,
632 2740 663 2786 ut
681 2733 738 2802 ipsa
752 2733 937 2802 magnitudine
954 2731 1123 2784 formidinem
1140 2732 1191 2784 ho·

111 2802 231 2854 minibus
257 2803 396 2854 incuteret.
424 2811 466 2854 est
483 2813 572 2855 autem
592 2805 763 2874 perspicuum
787 2803 939 2873 prodigium
955 2804 1025 2855 istuc
1041 2819 1134 2872 reapse
1151 2803 1192 2854 la·

110 2881 184 2926 ctum
204 2889 277 2935 esso,
294 2889 354 2924 cum
372 2889 508 2942 magorum
527 2873 649 2943 prodigia
664 2875 704 2926 nil
720 2875 774 2926 nisi
798 2891 888 2925 marae
907 2873 997 2925 ioreut
1014 2874 1191 2942 praestigiae,

111 2959 182 3012 quae
200 2944 293 2994 oculos
316 2945 549 3014 praestringerent·
574 2945 670 2996 iccirco
696 2945 852 3012 imaginaria
876 2943 977 2995 isthaec
993 2945 1096 3012 species
1113 2961 1129 2994 α
1144 2960 1191 2995 ve-

113 3015 192 3066 ritate
209 3001 240 3066 in
257 3014 372 3066 nihilum
390 3013 568 3082 redigebatur.
596 3031 686 3085 neque
704 3025 795 3068 tamen
813 3013 866 3065 hoc
881 3013 962 3067 modo
978 3030 1072 3082 parere
1088 3013 1192 3066 Pharao

111 3085 219 3150 voluit,
246 3085 294 3136 scd
313 3085 395 3152 tnagis
425 3087 506 3138 etiam
537 3085 629 3136 iurene
646 3085 783 3138 liebraeos
800 3085 905 3154 gravius
925 3091 1009 3153 urget.
1027 3092 1192 3154 quapropter

97 3155 257 3207 'subsecuta
281 3156 388 3224 flagella
411 3171 570 3226 poenaeque
588 3155 633 3207 dei
649 3165 726 3219 sunt,
743 3165 773 3208 et
787 3157 859 3208 inter
877 3155 944 3206 alias
964 3154 1064 3224 quibus
1085 3163 1127 3206 est
1144 3155 1192 3204 ad-

113 3225 215 3290 iectus,
240 3227 321 3278 etiam
339 3225 493 3279 huiusmodi
518 3226 652 3296 quandam
672 3228 808 3280 exstitisse
831 3226 962 3295 losephus
977 3225 1069 3278 tradit.
1087 3225 1193 3276 iuhulta

113 3295 300 3366 pediculorum
326 3297 473 3349 multitudo
498 3297 570 3366 apud
586 3298 659 3367 Aegy
679 3300 732 3351 tios
757 3296 951 3368 proveniebat,
968 3313 1002 3348 er
1018 3294 1193 3348 interioribus

113 3383 206 3422 eornm
235 3367 357 3437 partibus
383 3368 548 3431 scaturiens,
576 3315 714 3439 aquibus
736 3368 917 3420 excarnificati
935 3366 1034 3418 misere
1053 3364 1195 3436 peribant,

112 3455 164 3492 nec
193 3439 238 3490 vel
267 3437 380 3490 lavacris
411 3440 454 3492 vel
481 3439 684 3509 pharmacorum
705 3437 909 3492 munctionibus
924 3436 1065 3508 pediculos
1080 3436 1194 3508 perdere

112 3517 246 3580 poterant.
264 3507 316 3560 hoc
334 3508 415 3561 modo
435 3527 489 3562 rem
507 3509 637 3579 Iosephus
655 3519 754 3561 narrat.

180 3580 222 3631 Tc
241 3589 346 3644 autem,
360 3579 459 3632 dilecte
477 3581 525 3644 lili,
542 3582 610 3632 scire
625 3580 689 3633 volo
708 3579 799 3650 plagas
816 3579 893 3642 illas,
911 3577 1011 3648 quibus
1029 3575 1195 3630 Pharaonem

110 3647 219 3708 addixit
235 3649 311 3714 deus,
331 3651 485 3720 persuaderi
503 3650 556 3704 sibi
575 3668 630 3703 non
650 3651 780 3702 serentem
795 3660 826 3703 ut
841 3649 1135 3720 popuiomlsraeiicum
1153 3648 1195 3700 di·
1279 3641 1294 3666 ⁵

111 3721 248 3784 mitteret,
265 3737 377 3773 numero
404 3721 497 3774 decem
517 3723 614 3785 larissa,
641 3721 866 3791 quemadmodum
892 3721 922 3771 in
942 3719 1013 3771 lihro
1034 3721 1081 3789 qui
1102 3728 1143 3771 est
1160 3721 1195 3770 ds

112 3791 295 3843 israelitarum
322 3809 354 3843 ex
377 3791 498 3862 Aegypto
523 3794 692 3862 proiectione
717 3793 896 3863 perscriptum
924 3789 1046 3863 legimus.
1066 3791 1194 3843 nimirum

113 3859 208 3913 decem
232 3863 327 3932 plagae
346 3871 457 3932 propter
474 3861 586 3915 huiusce
609 3863 712 3916 nsrmeri
730 3862 942 3932 perlectionem,
963 3877 1009 3912 eos
1035 3860 1197 3914 divexaruut

114 3931 163 4000 qui
181 3933 300 4002 perlecta
319 3933 500 4004 deliquerant.
526 3936 650 4004 princeps
679 3936 799 3986 omnium
817 3940 876 3984 erat
893 3948 1022 4002 aquarum
1041 3932 1070 3984 in
1086 3931 1195 4000 saugui-

113 4017 176 4066 nem
193 4021 242 4072 per
260 4003 406 4074 Aegyptum
427 4005 577 4056 universam
594 4006 775 4058 commutatio.
793 4005 969 4076 quamobrem
987 4005 1057 4055 istuc
1076 4001 1195 4054 sactum?

114 4089 163 4123 cru
179 4089 228 4142 per
255 4089 339 4144 squas
359 4073 425 4126 deus
443 4091 489 4127 eos
507 4077 595 4145 primo
616 4078 676 4128 loco
700 4075 801 4146 punit?
824 4073 899 4144 quod
915 4090 1012 4144 aquam
1031 4074 1131 4124 eximie
1147 4090 1196 4124 co-

114 4141 221 4210 lerent,
239 4161 320 4219 quarn
338 4161 395 4201 esse
413 4146 573 4222 principium
594 4155 667 4204 ortus
686 4163 776 4202 rerum
793 4147 978 4206 universarum
995 4145 1194 4199 existimabant
