2742 4617
153 236 222 299 xiv
576 230 823 316 summan

155 399 188 453 at
207 382 291 449 malis
310 385 424 468 geniis,
454 380 491 443 de
512 384 632 461 aninio,
661 382 701 445 sle
722 383 914 466 praevisione
934 382 1057 461 divina,
1093 407 1167 450 omn
1189 387 1239 452 illa

155 488 275 573 peccati
284 504 376 547 cansa
386 484 435 562 sit,
450 482 489 544 de
512 482 769 546 obdurationibus
790 482 972 567 impiorum,
989 485 1027 547 de
1046 488 1238 570 magicorum

160 598 191 651 et
209 607 358 651 verorum
377 582 597 667 prodigiorum
619 582 818 657 discrimine,
841 604 907 667 quo
928 582 999 647 loco
1019 584 1059 648 de
1078 589 1238 650 Antichri-

154 692 192 749 sti
213 689 307 749 etiam
328 682 484 745 miraculis
510 704 549 744 ec
569 682 740 765 praestigiis
763 685 844 765 agit;
866 681 905 747 dc
932 684 1026 747 variis
1049 686 1238 771 tamphilo.

153 786 327 871 sophorum
347 806 441 869 quam
459 782 690 845 baereticorum
710 784 917 865 opinionibus.
931 784 1043 868 quodsi
1063 789 1131 871 quis
1151 791 1239 851 arbi.

154 896 262 959 trastur
291 886 375 949 hisce
403 884 442 945 de
462 884 553 945 rebus
588 884 715 948 minimo
746 882 956 945 &wemmam
980 886 1027 945 vel
1052 887 1083 945 in
1107 886 1239 949 historia

153 989 204 1050 vol
226 988 257 1047 in
279 983 480 1047 annotatione
498 992 691 1066 temporum,
715 984 738 1043 is
757 982 834 1044 sciat
851 986 987 1066 primum
1006 986 1083 1049 baec
1103 989 1238 1051 iuniori.

153 1088 210 1149 bus
230 1107 292 1151 esse
304 1084 488 1169 perscripta,
510 1102 646 1167 quorum
663 1082 783 1143 animos
804 1084 895 1145 rectis
904 1086 1070 1162 sententiis,
1092 1096 1129 1149 ut
1142 1090 1237 1171 paulo

152 1196 225 1249 ante
250 1184 509 1269 significabamus,
543 1183 638 1243 imbui
674 1184 833 1265 permagni
864 1185 973 1246 infert.
1008 1182 1132 1249 deinde«
1145 1188 1239 1251 velim

152 1288 268 1371 Giycae
287 1292 395 1346 nostro
417 1282 567 1345 velillum
591 1284 632 1343 ob
654 1303 777 1343 cainam
796 1282 836 1343 sit
856 1284 1004 1366 nequior,
1024 1284 1110 1369 quod
1132 1289 1239 1371 plera.

151 1411 214 1472 qne
235 1408 299 1450 noo
331 1387 373 1447 ita
392 1383 513 1467 prolixe
532 1404 589 1445 nec
608 1384 736 1445 confuse
768 1381 931 1445 tradiderit
952 1394 988 1445 nt
1010 1385 1184 1450 cedrenum
1205 1399 1238 1451 et

151 1488 226 1549 alios
247 1486 397 1547 factitasse
417 1482 573 1560 videmus,
594 1482 649 1565 qui
672 1481 856 1566 compendia
879 1484 1030 1566 quaedam
1046 1490 1236 1568 promitten-

150 1596 195 1665 tes
216 1587 372 1649 volumina
400 1604 526 1667 prorsuis
555 1584 711 1665 ingentia,
739 1604 881 1667 quaeque
901 1586 966 1647 sine
996 1586 1099 1648 taedio
1125 1590 1236 1672 pellegi

151 1696 332 1773 nequeunt,
360 1686 492 1769 posteris
517 1684 681 1768 reliquero.
715 1693 789 1767 post
809 1683 967 1747 Christum
988 1695 1112 1765 natum,
1145 1701 1237 1773 parte

150 1788 267 1851 scilicet
283 1786 386 1870 operis
407 1786 518 1863 tertia,
535 1806 607 1847 cum
637 1784 771 1867 imperio
791 1784 933 1847 Romano
953 1785 1116 1849 historiam
1135 1790 1237 1854 eccle.

150 1892 212 1953 siae
231 1886 400 1970 coniungit.
421 1894 467 1948 est
487 1894 590 1947 antam
611 1884 681 1948 boio
694 1892 856 1947 accuratus
878 1884 1043 1948 admodum
1062 1888 1095 1948 in
1114 1888 1235 1953 brevis.

147 1989 228 2051 simis
250 2008 406 2049 annornm
421 1986 639 2063 notationibus,
660 1984 772 2069 quibus
787 1984 987 2068 imperatores
1000 1987 1110 2070 singuli
1130 2010 1236 2052 rernm

147 2090 243 2172 potiti
263 2090 403 2150 fuerunt.
426 2108 489 2148 non
512 2087 616 2145 omnia
633 2085 760 2167 quidem
782 2084 1067 2149 illorumveldicta
1085 2089 1134 2151 rei
1155 2091 1236 2151 facta

151 2197 292 2254 recenset
313 2192 381 2264 (nec
404 2185 485 2246 enim
505 2184 565 2245 boc
586 2182 635 2243 vei
648 2184 824 2245 instituerat
844 2184 893 2247 vel
913 2186 1005 2247 etiam
1024 2188 1127 2251 facere
1139 2188 1235 2253 debe·

147 2290 219 2367 bat,
244 2286 364 2349 manuleo
386 2283 493 2345 mundi
525 2284 634 2344 breves
666 2284 866 2366 scripturos),
887 2288 1038 2348 memoria
1059 2297 1160 2351 minen
1184 2291 1235 2351 in.

148 2388 365 2470 dicationeque
388 2384 480 2467 digna
498 2383 625 2445 minime
646 2384 809 2466 praeterit.
840 2393 871 2444 et
891 2384 966 2467 quia
986 2385 1109 2450 tandem
1131 2389 1232 2472 impe-

151 2492 233 2551 rium
246 2482 609 2565 RomanumByaantium
631 2484 693 2544 sive
713 2482 1014 2567 Constantinopolim
1036 2490 1173 2552 Graecos
1193 2490 1233 2551 ad

149 2587 289 2651 bornincs
316 2582 497 2645 translatum
524 2582 600 2658 init,
621 2581 684 2643 eius
713 2584 807 2664 ipsius
827 2586 914 2667 regni
935 2587 1046 2649 seriem
1068 2610 1104 2649 ac
1124 2610 1172 2651 res
1194 2593 1233 2652 ab

152 2688 274 2771 regibus
297 2694 393 2768 gestas
419 2681 581 2763 diligenter
596 2690 732 2743 extrema
751 2683 782 2742 in
795 2691 886 2765 parte
908 2689 1120 2769 prosequitur,
1150 2690 1233 2772 quod

63 2830 66 2847 .
154 2772 351 2851 existimaret·
371 2786 412 2845 ibi
433 2782 584 2865 principis
609 2791 702 2865 atquc
715 2784 837 2843 maximi
859 2806 919 2866 per
940 2787 1050 2847 orbern
1073 2797 1233 2850 terrarum

152 2889 274 2973 imperii
295 2885 396 2947 sedem
416 2904 486 2963 esse,
511 2903 582 2943 cum
602 2904 666 2964 quo
692 2904 739 2944 res
760 2884 937 2961 occidentis,
959 2885 1021 2949 boc
1040 2897 1085 2948 est
1104 2896 1233 2965 nostras,

149 2990 275 3051 iniuime
295 2983 496 3048 conserendas
521 2992 678 3045 statueret„
701 2982 782 3045 hanc
800 2986 895 3067 ipsam
916 2987 958 3047 ob
980 3009 1102 3049 causam
1124 2998 1231 3051 nostra

147 3089 268 3151 silentio
289 3085 451 3169 praeterit,
474 3103 608 3165 quorum
628 3083 745 3145 axeliis
765 3086 875 3147 notitia
895 3088 958 3168 peti
980 3109 1043 3149 non
1065 3088 1231 3151 difficulter

147 3198 259 3272 potest
279 3184 411 3247 vicissim
432 3185 529 3243 nostri
550 3185 616 3245 fere
636 3181 714 3244 nibil
727 3183 766 3246 de
787 3186 987 3249 orientalibus
1000 3189 1063 3249 istis
1074 3190 1230 3273 principi.

147 3288 205 3351 bus
225 3296 297 3369 post
317 3287 430 3347 iactam
439 3282 543 3343 Caroli
565 3282 668 3365 magni
689 3286 881 3368 temporibus
904 3288 1027 3369 imperii
1048 3287 1229 3352 divisionem

146 3388 316 3450 memoriae
346 3381 577 3467 prodiderunt,
607 3386 789 3447 conantibus
822 3386 963 3469 utrisque
994 3410 1067 3451 snae
1097 3391 1230 3453 nationis

144 3486 323 3549 bominibus
351 3504 447 3567 opera
475 3504 528 3544 sua
548 3484 673 3547 servire.
710 3506 833 3568 possum
867 3494 970 3548 autem
995 3510 1069 3550 vere
1087 3489 1232 3571 polliceri

146 3587 313 3650 lectoribus
337 3586 367 3645 in
389 3584 448 3645 hac
469 3590 604 3645 extrema
624 3593 716 3665 parte
733 3584 830 3644 multo
853 3594 962 3648 notatu
977 3587 1118 3670 apprime
1137 3588 1230 3671 digna

145 3686 296 3769 reperiri,
334 3702 468 3766 quorum
490 3704 529 3743 ne
560 3685 655 3745 verbo
677 3681 802 3767 quidem
818 3686 1008 3766 prolixarum
1027 3680 1231 3753 historiarum

145 3787 313 3868 scriptores
337 3783 551 3845 meminerunt.
578 3792 671 3867 atque
704 3783 815 3843 barum
848 3786 881 3845 in
910 3806 1016 3847 rernm
1037 3770 1230 3868 expositioiie

146 3880 348 3971 pervenitad
380 3902 416 3943 ca
436 3892 579 3965 tempora
607 3902 686 3965 quae
713 3891 850 3944 nostram
875 3884 956 3947 banc
987 3896 1120 3948 aetatem
1141 3892 1229 3952 anuis

148 3984 240 4069 paulo
257 3980 385 4062 amplius
407 4002 478 4041 cccc
501 3993 751 4063 praecesserunt,
772 3982 834 4043 boc
855 3994 901 4046 est
918 3985 958 4045 ad
978 3984 1144 4050 lobannem
1154 3989 1227 4051 ble-

146 4088 186 4146 xii
209 4084 420 4158 Comnenum,
452 4082 499 4139 cui
525 4080 648 4143 Pulchri
677 4102 847 4165 cognomen
876 4082 980 4147 datum
998 4085 1064 4147 fuis
1088 4087 1228 4149 arbitror
