2742 4617
427 322 640 384 aunuum
668 316 771 384 raas
789 320 842 383 ιν.
1074 292 1156 394 48ι

78 470 160 539 α’λλά
179 468 234 536 sai
252 472 286 536 ἐν
307 472 407 559 ιιαιρρλ
427 466 553 553 εἰρήνης
574 467 713 553 διωγμόν
732 468 814 533 κατά
826 472 882 553 τῆς
895 471 1043 535 aeritimi
1055 471 1163 554 ἐνιπλη-

79 574 152 645 σάας
171 568 226 633 καί
241 570 305 633 τοῖν
323 565 435 651 όερέονν
460 568 564 633 arisati
593 566 797 651 συνεστήσεο,
830 566 967 647 όξεοόσας
988 567 1044 634 τόν
1062 572 1165 650 μέγαν

78 672 135 753 τῆς
156 670 339 750 οἰκουμένης
370 666 562 733 διδάσκαλον
592 671 650 733 τοῦ
669 664 779 731 θάνον
799 668 856 751 τῆς
876 668 1047 751 ἐπισκοπῆς
1066 667 1167 732 αὐτοῦ

80 768 236 848 άκρότως,
271 768 447 845 συνόιιόξας
476 768 562 855 ariaci
592 764 646 832 τόν
674 767 828 849 Χριστόν.
878 764 986 831 άλλ’ό
1012 766 1169 848 μακάριος

48 864 232 949 δ’λαοόννης
252 862 307 931 τόν
327 868 396 945 βιόν
416 871 578 945 κατέλιπε,
600 863 659 949 την
677 868 782 931 πίστιν
799 859 939 949 τηρήσας
951 863 1007 929 καὶ
1019 866 1171 949 στηρίξας

79 964 156 1041 τοός
177 966 417 1044 σαλευομένους.
462 965 530 1029 αλλ’
552 968 597 1039 εἰς
619 962 774 1049 α’λὴιιτοος
792 966 910 1040 αἰῶνας
932 961 990 1046 τήν
1008 964 1170 1029 άόάπανον

79 1061 207 1149 τρυφὴν
227 1068 283 1128 καί
303 1064 464 1128 ἀθάνατον
489 1059 573 1147 ζοιῆν
601 1064 857 1149 ἐκληρονόμησεν.
898 1058 920 1146 ἧ
942 1065 977 1127 tt
995 1068 1052 1129 νέοι
1070 1070 1202 1134 Ante-c

80 1162 143 1239 λά,
165 1162 185 1247 ἡ
207 1163 284 1227 κατά
307 1160 422 1247 μικρὸν
443 1166 487 1251 τῷ
507 1166 591 1250 ξυρῷ
612 1166 666 1245 τῆς
684 1161 801 1247 πλάνης
817 1160 1020 1244 δεσμεόσοισα
1041 1164 1173 1248 φορτίον

83 1260 318 1345 ἁμαρτημάτων
336 1260 421 1345 βαρὺ
447 1260 502 1325 καὶ
522 1262 770 1345 δυσβάστακτον.
810 1259 860 1330 cieri
874 1259 935 1344 ἐγώ
957 1257 975 1323 ό
995 1260 1173 1343 ἐλάχιστος,

21 1361 101 1427 soti
132 1360 313 1437 πιστευθεὶς
343 1358 400 1425 τόν
434 1359 551 1446 θρόνον
580 1364 638 1427 rosi
663 1360 804 1443 μεγάλου
828 1358 1005 1424 ἀποστόλου
1025 1365 1174 1445 Πέτρου,

83 1460 230 1545 α’φοριζοι
250 1464 287 1525 σέ
298 1484 332 1525 τε
351 1462 497 1543 κόπεόνην
507 1463 562 1543 τῆς
574 1462 782 1543 μεταλήψεεος
793 1460 855 1523 τοῖν
870 1456 1037 1542 α’χράντιον
1050 1484 1175 1543 μυστη-

83 1562 162 1641 ριἰον
170 1563 315 1641 Χριστοῦ
335 1562 393 1624 τοῦ
412 1562 492 1625 θεοῦ
515 1558 613 1639 ἡμῶν.
643 1556 725 1623 άλλά
746 1554 921 1623 noiatim
940 1556 1085 1641 ιιληριιιόν
1104 1563 1177 1621 τολ-

82 1657 230 1739 μησαντα
239 1659 429 1741 μεταδοῦναι
453 1656 542 1740 όμῖν,
560 1660 616 1745 a’p’
637 1650 676 1741 ἦς
699 1658 857 1740 άναγνοότέ
871 1678 935 1739 μου
945 1657 1001 1721 τόν
1014 1660 1177 1743 πεμφθὲν·

83 1779 126 1819 τα
146 1754 331 1841 σόνόεσμον,
354 1755 416 1821 όπό
437 1757 625 1843 καθαίρεσιν
646 1750 740 1822 εἶναι.
760 1752 929 1839 Ἀροάνιον
950 1758 1005 1837 ss,
1024 1754 1062 1820 όν
1087 1754 1176 1820 εἰσά.

24 1834 154 1939 ιὲγετε
176 1857 222 1931 εἰς
250 1855 305 1921 τόν
326 1856 442 1939 θρόνον
456 1859 526 1940 Ιτῆς
550 1858 719 1940 ἐπισκοπῆς
738 1854 810 1921 άντό
839 1858 898 1919 τοῦ
916 1855 1052 1940 μεγάλου
1070 1849 1176 1920 Ἰωάν-

82 1976 150 2034 νου,
173 1954 228 2019 sai
243 1956 323 2036 μετά
344 1957 483 2021 θάνατον
502 1952 795 2039 ναθαιρσόμενσόν
816 1955 969 2030 πάσιτοῖς
984 1951 1209 2039 ιιοινοονησα-Ι)

83 2074 135 2117 σιν
162 2054 256 2139 αὐτῷ.
299 2055 368 2119 α’λλ·
387 2054 463 2119 ου’δὲ
483 2054 518 2117 τό
553 2045 653 2132 ὄνομα
684 2052 785 2117 αάτοό
816 2050 1017 2140 γραφήσεται
1042 2054 1078 2117 όν
1109 2062 1175 2129 τοῖς

82 2148 180 2235 ἱεροῖς
200 2148 382 2233 διπτόχοις·
425 2148 552 2229 α’νόξιος
570 2150 632 2235 γάρ
664 2154 751 2216 ἐστιν
771 2146 815 2229 sig
835 2149 1007 2234 μοιχεόσοις
1026 2150 1086 2236 τήν
1106 2153 1175 2215 ἐπι-

82 2247 215 2335 σιιαπὴν.
236 2253 471 2336 προστιθόαμεν
491 2254 526 2316 δὲ
544 2276 581 2339 τη
606 2251 795 2334 καθαιρόσιι
814 2250 974 2337 Θεοφίλου
994 2248 1175 2339 όφυρισμόν

152 2417 178 2487 ό.
196 2416 225 2493 ό]
245 2416 262 2473 ό
279 2418 355 2491 pair?
443 2420 470 2471 6.
489 2416 560 2493 ἀλλ’]
581 2414 674 2472 aiore?

84 2594 113 2639 ts
132 2586 213 2639 deum
231 2588 363 2659 apponat,
383 2588 518 2708 <promotio
530 2588 608 2641 abeli
626 2591 691 2643 iusti
709 2590 819 2659 sangaris
833 2589 899 2641 otim
920 2586 1045 2641 adversos
1060 2586 1173 2644 cainum

85 2658 253 2710 fratricidam
273 2660 390 2711 vocifera
413 2668 479 2712 atur.
499 2658 577 2713 dabis
601 2670 692 2713 autem
714 2661 825 2719 omnino
844 2676 962 2730 poenas,
981 2662 1030 2729 qni
1047 2677 1102 2711 non
1119 2660 1174 2713 hoc

84 2736 191 2781 tuntum
209 2731 319 2793 feceris,
337 2732 511 2782 verumetiam
526 2730 585 2801 ipso
598 2734 673 2801 pacis
692 2731 954 2801 tranquillitatisque
971 2738 1092 2799 tempora
1110 2748 1175 2799 per.

85 2800 254 2851 secutionem
286 2800 413 2852 adversus
437 2801 577 2853 ecclesiam
602 2802 647 2853 dci
678 2809 707 2852 et
724 2801 874 2853 sacerdotes
891 2802 979 2870 ipsius
997 2802 1108 2852 molitus
1127 2803 1173 2855 sis.

85 2886 214 2939 magnum
240 2870 316 2921 ilium
341 2868 412 2922 orbis
431 2880 560 2925 terrarum
584 2870 722 2923 doctorem
747 2873 920 2941 episcopatus
944 2871 987 2923 sui
1005 2871 1074 2922 solio
1092 2888 1174 2925 causa

86 2940 190 2993 indicta
211 2941 351 3010 expulisti,
369 2960 478 3013 unaque
496 2960 555 2993 cum
570 2958 602 2995 eo
621 2942 756 2994 Christum
775 2942 897 3011 abegisti.
911 2958 942 2991 ac
953 2942 1050 2993 boatus
1061 2942 1173 3011 quidem

85 3010 134 3063 iiie
162 3009 297 3064 lohannes
323 3013 405 3063 vitam
423 3012 492 3064 hanc
516 3013 602 3076 finiit,
624 3012 678 3064 fide
707 3021 813 3065 retenta
842 3021 871 3065 et
892 3010 1071 3063 dubitationis
1094 3014 1174 3081 qussi

83 3082 206 3151 procella
225 3083 342 3153 quadam
362 3084 552 3136 vacillantibus
571 3082 718 3146 stabilitis,
740 3080 881 3135 sedidem
900 3083 1015 3135 saeculis
1034 3100 1174 3152 nunquam

84 3152 214 3205 finiendis
246 3152 404 3205 deliciarum
434 3164 462 3206 et
481 3153 631 3225 voluptatis
661 3153 839 3207 inexhaustae
871 3155 999 3224 vitaeque
1023 3163 1173 3223 perpetuae

84 3222 281 3275 haereditatem
300 3223 378 3277 adiit
394 3242 409 3277 e
427 3224 533 3278 diverso
553 3242 622 3277 nova
639 3226 691 3277 ista
716 3226 818 3289 Balita,
839 3240 908 3294 quae
929 3232 957 3275 te
974 3224 1105 3294 paulatim
1121 3242 1174 3277 no-

83 3292 180 3345 vacula
199 3296 363 3365 imposturae
384 3298 467 3361 rasit,
499 3296 644 3347 multorum
673 3313 706 3347 ex
721 3312 768 3347 ore
793 3302 942 3365 protectam
960 3296 1174 3348 exsecrationem

85 3364 141 3417 sihi
166 3367 321 3430 arcessivit,
348 3366 446 3419 fascem
465 3376 637 3435 peccatorum
662 3383 768 3435 gravem
794 3374 959 3435 portatuque
983 3365 1172 3419 difficillimum

84 3420 239 3503 colligavit:
257 3452 373 3507 eumque
392 3438 513 3507 pristinis
530 3438 587 3489 suis
605 3436 741 3489 atrocibus
754 3454 785 3489 ac
796 3436 921 3505 piurimis
938 3436 1044 3488 delictis
1063 3436 1172 3490 adiecit.

86 3506 184 3557 iccirco
204 3504 329 3577 equidem
348 3511 474 3561 minimus
489 3509 624 3571 omnium,
642 3516 673 3559 ut
691 3508 735 3559 cui
752 3506 886 3559 creditum
898 3508 1123 3577 commissumque
1137 3510 1174 3561 sit

84 3576 184 3629 solium
209 3578 283 3630 iilius
309 3581 396 3647 magni
415 3579 532 3649 apostoli
551 3578 634 3641 Petri,
657 3588 739 3648 teque
762 3578 892 3646 illamque
920 3595 936 3628 a
962 3578 1173 3648 participatione

84 3664 219 3699 sacrorum
239 3648 337 3700 Christi
368 3650 410 3701 dei
429 3650 514 3701 nostri
544 3650 732 3715 mysteriorum
750 3648 861 3701 secludo
879 3657 908 3701 et
928 3665 1014 3700 arceo.
1031 3658 1173 3718 praeterea

83 3717 198 3769 ciericos
217 3734 318 3780 omnes,
335 3721 381 3789 qui
398 3738 429 3771 ea
446 3722 584 3772 vobiscum
602 3720 660 3771 ausi
676 3720 778 3773 suerint
795 3720 830 3770 ab
848 3721 1173 3789 eotemporocommuni-

85 3804 147 3839 cars
173 3802 228 3857 quo
264 3789 463 3859 colligationem
490 3801 518 3842 et
535 3790 671 3842 vinculum
699 3789 751 3841 hoc
768 3806 857 3841 meum
880 3791 1057 3849 resciveram,
1076 3790 1173 3843 ordine

85 3860 189 3911 m'oveo.
208 3861 383 3911 consimiliter
394 3864 538 3925 Arsacium,
557 3877 637 3930 quem
654 3861 683 3912 in
702 3862 800 3912 solium
819 3863 991 3931 episcopatus
1004 3862 1065 3912 ioco
1081 3862 1173 3929 magni

85 3928 214 3981 iohannis
231 3930 306 3981 iilius
320 3932 503 3995 substituistis‚
524 3933 604 3984 etiam
628 3941 818 4001 postmortem
834 3948 893 3983 cum
910 3932 1036 3983 omnibus
1053 3934 1173 4001 quicum

84 4002 147 4071 ipso
169 4004 354 4053 commercium
375 4002 530 4054 habuerunt
548 4003 646 4056 ordine
658 4020 812 4065 moremus,
832 4018 901 4055 neve
912 4002 1094 4074 perscribatur
1112 4005 1172 4056 eins

85 4086 186 4123 nomen
205 4072 286 4123 sacris
304 4074 333 4123 iu
355 4072 455 4125 tabuiis
472 4083 601 4127 vetamus.
627 4074 680 4125 hoc
707 4074 779 4125 enim
794 4073 922 4141 indignus
941 4082 984 4125 est
1001 4072 1122 4139 honore,
1140 4082 1173 4127 ut

86 4140 136 4211 qui
153 4141 337 4211 episcopatum
364 4142 499 4197 adulterio
518 4146 595 4268 ηιιαιί
614 4144 757 4195 commisso
773 4144 917 4269 polluerit
935 4153 1018 4215 atque
1037 4144 1102 4195 huic
1118 4161 1172 4196 no-

90 4220 162 4265 stras
178 4211 213 4264 ds
232 4213 274 4266 his
302 4213 398 4269 ordine
423 4231 520 4271 moran
541 4218 564 4269 is
595 4215 747 4270 sententiae
799 4214 922 4287 hrophiti
944 4216 1170 4285 segregationem,

161 4319 270 4389 (ἕληται.
321 4330 328 4353 ⁸
957 4319 987 4374 s.
