2742 4617
191 275 269 378 ria
515 293 734 360 urcuamre
762 291 929 359 erucae

100 465 177 518 use
268 448 333 518 Διά
355 443 393 515 τό
402 451 439 515 <ll
456 442 600 514 πλάττων
619 445 637 513 ό
659 445 735 523 θεός
755 447 812 513 τόν
827 438 998 534 άνδριοπον
1020 441 1078 512 οῦκ
1099 443 1194 528 ἔλαβε
1212 447 1278 528 βῶ-

185 560 257 633 λον,
279 547 362 614 όλλά
388 551 471 632 χοῦν
497 546 534 612 τό
561 544 766 628 λεπτότατοτη
789 543 872 630 ῦμοῦ
896 549 956 629 μὲν
976 550 1013 613 ἐκ
1031 543 1145 613 τοῦτον
1165 549 1221 612 καί
1239 545 1275 612 τό

187 649 323 740 φόσημιι
342 651 561 714 καταστέλλειν
580 646 680 732 ἦμιῦν,
701 645 786 729 όμοῦ
803 647 839 712 δὲ
859 649 915 714 καί
928 645 1036 723 διδοῦς’
1056 649 1205 712 ἐντεῦθεν
1224 649 1277 711 ἰλ-

186 752 266 816 πόδα
293 752 350 833 τῆς
376 742 609 822 άναοτάσεονς.Ι
642 745 751 832 ἐπειδὴ
771 748 917 836 προῄδει
929 741 980 813 ότι
998 747 1107 828 μέλλει
1127 749 1279 813 τελευτάν

153 848 224 916 Dari
245 853 324 928 ζῦον
343 844 399 912 καὶ
416 848 464 921 εἰς
483 849 564 928 χοῦν
582 847 757 928 καταντᾶν,
787 844 955 932 προλαβιόν
976 849 1010 912 όν
1031 849 1070 933 τῇ
1090 847 1307 935 δημιουργίριῦ

186 947 243 1035 τὴν
264 934 378 1034 ἰλρίδά
400 947 455 1029 τῆς
478 942 681 1021 άναστάσεως
703 947 827 1011 δίδωσι.
868 943 1022 1028 λαμβάνει
1040 949 1120 1028 χοῦν
1140 944 1202 1009 άπὸ
1223 950 1279 1031 τῆς

187 1051 244 1135 γῆς
251 1099 261 1131 ,
281 1047 322 1113 ἵν’
342 1039 415 1110 όταν
434 1043 504 1132 ἴδῃς
528 1045 561 1109 ἰν
577 1043 670 1133 τάφῳ
693 1047 792 1128 χοῦν,
815 1044 893 1132 γνῷς
911 1039 959 1110 ότι
978 1043 995 1110 ό
1022 1047 1139 1110 ἐκεῖνον
1155 1044 1282 1122 πλάσας

189 1151 245 1213 καί
263 1149 375 1210 τοῦτον
396 1144 568 1228 άνίστησιν.
610 1141 692 1207 α’λλά
716 1143 771 1210 καί
790 1147 874 1220 τίνος
894 1145 1016 1227 ἕνεκεν,
1036 1147 1207 1229 ἐπιζητεῖς,
1231 1145 1283 1207 δι-
1351 1152 1353 1161 “

189 1249 290 1312 πλοῦν
317 1245 446 1309 πλάττει
463 1239 520 1307 τόν
541 1236 709 1326 ἄνθρωπον
729 1240 765 1307 ἔκ
781 1266 814 1308 τε
835 1246 944 1327 ψυχῆς
964 1247 1077 1330 νοεροῖς
1096 1245 1152 1307 κιιί
1169 1239 1281 1325 σοόμιι-

180 1368 243 1422 ’τος
254 1370 265 1426 3
285 1339 366 1409 ῦστε
385 1341 562 1423 σύνδεσμον
578 1335 662 1406 εἶναι
682 1345 741 1406 τοῦ
752 1365 785 1407 τε
805 1345 918 1426 νοητοῦ
937 1340 1057 1425 κόσμου
1080 1344 1212 1407 καὶτοῦ
1231 1343 1281 1408 αἰ·
1294 1367 1331 1410 ro

191 1445 323 1528 σθητοῦ.
366 1438 475 1524 ἐπειδὴ
489 1439 549 1523 γάρ
570 1437 601 1506 οἱ
621 1438 680 1504 δόο
701 1437 813 1522 κόσμοι
834 1434 924 1505 οὗτοι
944 1447 985 1530 ιη’
1005 1436 1098 1529 οῦσίρι
1118 1440 1282 1526 διεστήκα-

191 1565 259 1624 σιν,
282 1538 399 1625 ἵναμὴ
420 1536 597 1626 διαφόρους
625 1536 776 1628 εἰσαγάγῃ
797 1539 1024 1626 δημιουργούς,
1047 1543 1179 1606 διπλοῦν
1201 1543 1283 1620 ζοῦον

191 1645 226 1706 ἰν
244 1645 288 1730 τῷ
307 1637 414 1730 κόσμιρ
433 1637 487 1704 τόν
508 1633 677 1724 ἄνθρωπον
698 1645 858 1720 τέθεικεν,
882 1637 924 1716 οῦς
944 1643 1090 1705 ἐντεῦθεν
1110 1641 1167 1706 ἕνα
1188 1641 1284 1726 δημι-

191 1737 308 1826 ουργόν
325 1743 388 1805 τῶν
407 1733 476 1804 ciem
495 1761 529 1804 τε
549 1743 603 1803 κατ’
623 1743 685 1803 ταῖν
705 1736 793 1805 κάτω
813 1736 1038 1824 κηρύττεσθαι.

275 1836 529 1922 Ποιήσωμεν
549 1832 771 1922 ἄνθρωπον
792 1845 877 1902 κατ’
897 1835 1041 1904 εἰκόνα
1062 1833 1333 1923 ἡμετέραν.ιὸ

114 1935 248 2022 restat
269 1942 304 2002 τί
321 1935 359 2002 τό
392 1937 428 2000 ἐκ
454 1934 602 2019 στόματος
630 1937 685 2002 καί
703 1941 813 2022 ψυχῆς
841 1941 992 2004 συντεθὲν
1013 1941 1093 2017 ζῶον
1114 1931 1283 2024 άνθριοπον

193 2036 358 2119 οόνόμασεν
385 2035 406 2121 ἢ
435 2034 560 2124 γραφῆς
594 2035 611 2100 ό
640 2031 809 2122 ἅνθρωπος
834 2041 873 2126 τῇ
888 2038 1029 2122 Ἐβραΐδι
1048 2041 1198 2128 διαλέκτῳ
1218 2042 1304 2124 πῦρ·

192 2139 329 2219 λέγεται.
371 2133 426 2200 καὶ
447 2135 556 2220 ἐπειδὴ
576 2135 709 2226 προῄδει
730 2137 747 2202 ό
767 2135 845 2212 θεός
863 2133 912 2202 ότι
934 2137 996 2202 α’πό
1017 2133 1088 2215 ἑνός
1108 2136 1282 2223 α’νθροόποιι

193 2238 405 2319 α’νόρωπόνιον
425 2232 582 2316 σωμάτων
599 2239 772 2321 πληροῦται
796 2241 852 2319 τῆς
871 2238 1053 2320 οἰκουμένης
1075 2235 1115 2302 τά
1141 2241 1281 2322 πέρατα,

193 2327 242 2409 εἷς
264 2331 379 2416 λῦχνος
400 2332 527 2412 ἐξάπτει
547 2333 704 2410 τοσαῦτας
725 2335 913 2417 λαμπάδας,
935 2332 989 2400 διά
1010 2339 1104 2401 τοῦτο
1125 2337 1161 2402 τό
1179 2339 1334 2406 ποιοῦ-πο

71 2451 78 2462 ·
193 2457 248 2499 τον
271 2433 351 2512 §rior
370 2431 519 2498 ἐκάλεσεν
539 2425 725 2518 άνθρονπον,
749 2436 893 2500 τουτέστι
916 2437 993 2522 πῦρ.
1014 2439 1076 2502 τάν
1096 2433 1157 2523 γάρ
1181 2429 1283 2502 όλλων

264 2596 290 2667 4.
309 2590 406 2666 insedi}
424 2586 482 2672 γάρ
499 2601 567 2672 πρά

266 2760 321 2814 Cur
348 2769 440 2814 antem
467 2759 534 2814 deus
559 2760 698 2814 hominem
718 2777 810 2815 creans
828 2779 885 2816 non
905 2762 1029 2834 glebam,
1058 2764 1106 2816 sed
1123 2767 1282 2837 pulverem,

198 2833 246 2903 qui
265 2841 306 2885 est
322 2831 468 2884 admodum
496 2841 580 2884 tenue
598 2832 745 2902 quiddam,
769 2834 901 2904 sumpsit?
922 2836 1048 2887 nimirum
1066 2836 1118 2888 hoc
1135 2837 1216 2888 modo
1234 2856 1284 2890 vo-

197 2904 251 2955 luit
267 2904 347 2955 simul
375 2911 434 2956 tum
460 2903 630 2976 inflationem
652 2913 770 2956 nostram
797 2907 972 2974 comprimere
995 2915 1052 2956 tum
1078 2908 1283 2962 resurrectionis

198 2992 274 3044 spem
291 2976 387 3028 lacere.
407 2991 469 3025 nam
487 2974 553 3043 qnia
572 2981 653 3026 norat
667 2975 768 3026 animal
790 2975 842 3028 hoc
860 2977 1033 3028 emoriturum
1052 2977 1126 3028 etin
1142 2977 1285 3045 pulverem

199 3062 383 3109 reversurum,
398 3045 458 3114 ipsa
475 3047 505 3096 in
519 3046 655 3097 creatione
674 3047 751 3098 uelut
763 3056 933 3100 antevertens
952 3063 1027 3116 spem
1044 3047 1123 3100 nobie
1142 3049 1176 3100 de
1195 3066 1285 3103 resur-

200 3117 321 3169 rectione
339 3117 428 3168 locere
445 3117 540 3169 voluit
561 3117 655 3185 itaque
672 3117 811 3186 pulverem
835 3117 956 3169 deterre
975 3117 1073 3180 sumit,
1092 3125 1123 3170 ut
1142 3135 1202 3170 cum
1221 3115 1285 3190 p'ul-

198 3204 290 3240 rerem
307 3188 336 3237 in
356 3187 480 3255 sepulcro
499 3188 647 3256 conspicis,
666 3189 734 3240 scias
753 3205 815 3240 eum
834 3189 882 3258 qui
899 3187 1037 3240 hominem
1058 3187 1179 3240 formarit
1195 3192 1285 3260 ipsum

201 3259 283 3310 etiam
302 3258 530 3310 resuscitaturum.
549 3259 669 3310 fortassis
691 3259 773 3312 etiam
794 3275 907 3329 quaeret
924 3258 1099 3326 quamobrem
1117 3263 1216 3314 crearit
1232 3262 1286 3314 ho-

200 3330 300 3380 minem
329 3327 477 3398 duplicem,
505 3329 596 3380 anima
611 3329 739 3381 nimirum
764 3329 962 3399 intelligentiae
979 3330 1133 3399 mentisque
1151 3333 1286 3403 participe

200 3399 355 3470 praeditum
379 3408 408 3451 et
424 3415 546 3469 corpore.
564 3400 693 3452 nimirum
711 3417 767 3470 quo
795 3417 879 3452 neaua
898 3397 1008 3470 quidem
1024 3401 1096 3452 leret
1114 3402 1287 3456 intellectilis

201 3489 233 3522 nc
252 3471 359 3523 eeneilie
371 3470 476 3522 mundi.
493 3488 554 3522 nam
572 3489 633 3522 cum
652 3471 681 3523 hi
700 3471 755 3524 duo
772 3471 867 3523 mundi
885 3471 1001 3522 essentia
1020 3488 1067 3524 aua
1085 3475 1204 3542 separati
1221 3477 1288 3540 sint,

201 3559 237 3593 ne
257 3542 356 3594 diversi
384 3543 466 3593 etiem
499 3541 610 3611 opifices
637 3544 870 3604 existimarentur,
896 3540 1033 3594 hominem
1063 3544 1163 3596 animal
1184 3545 1288 3614 duplex

203 3613 232 3662 in
252 3613 352 3664 raritudo
371 3612 521 3677 constituit,
542 3622 573 3665 ut
590 3611 654 3665 hinc
671 3632 743 3667 unus
763 3629 821 3666 esee
835 3621 890 3664 tam
906 3629 1064 3683 superarum
1081 3631 1113 3666 ac
1127 3616 1288 3670 coelestium

137 3715 141 3720 ‚
202 3698 283 3752 quam
303 3684 450 3736 inferarum
466 3699 554 3734 rerum
573 3693 679 3736 creator
693 3685 897 3752 intelligeretur.
1059 3693 1063 3703 ’

271 3753 425 3819 Faciamus,
455 3755 546 3824 inquit
563 3753 630 3806 deus
654 3757 734 3823 (Gen.
756 3771 764 3804 ι
786 3755 844 3824 ali),
870 3753 1008 3808 hominem
1026 3754 1061 3809 ad
1078 3756 1220 3826 imaginem
1235 3774 1289 3809 no-

202 3830 294 3874 stram.
315 3841 363 3875 cur
387 3843 422 3877 ex
446 3827 535 3877 anima
559 3841 727 3896 corporeque
753 3825 931 3894 compositum
952 3828 1052 3880 animal
1070 3827 1179 3880 litterae
1198 3845 1288 3881 sacrae

202 3893 342 3946 hominem
362 3897 527 3966 appellant?
550 3897 712 3950 vocabulum
729 3895 805 3966 quod
822 3895 959 3950 hominem
978 3899 1124 3966 significet,
1150 3901 1239 3968 ignem
1259 3901 1289 3952 in

202 3963 328 4016 Hebraea
347 3965 438 4033 lingua
455 3967 577 4020 denotat.
595 3977 624 4020 et
640 3966 751 4037 quondo
769 3975 848 4018 noret
865 3969 919 4020 iam
938 3977 1002 4020 ante
1020 3969 1086 4022 deus
1099 3988 1182 4022 uuum
1201 3971 1290 4023 laomi-

202 4050 266 4088 trem
284 4035 441 4102 corporibus
461 4037 586 4090 humanis
610 4055 703 4090 omnes
727 4037 800 4091 orbis
823 4039 890 4090 linea
910 4040 1075 4108 repleturum
1091 4059 1228 4112 unamque
1246 4044 1290 4093 lu-

203 4122 309 4158 cernam
329 4111 373 4157 τοι
395 4104 532 4174 lampadas
554 4123 740 4171 accensurum,
767 4109 865 4162 iccirco
887 4111 986 4162 annual
1003 4111 1055 4162 hoc
1073 4114 1222 4182 appellavit
1239 4113 1290 4164 liu-

203 4177 323 4241 teinem,
340 4173 371 4227 id
389 4182 431 4227 est
448 4177 544 4243 ignem:
563 4195 623 4228 nam
650 4179 786 4232 elementa
803 4189 909 4234 caetera
926 4183 965 4234 sic
983 4193 1092 4236 manent
1111 4192 1142 4236 nt
1163 4185 1291 4237 existunt.
