2742 4617
151 232 199 285 12
481 224 697 289 MlCHAELlS
728 219 891 286 Gumis

145 373 204 447 σόν
223 382 390 465 στοιχείων
419 376 455 445 τό
485 380 640 461 κτέσματα
670 378 887 459 συνέστησαν,
915 378 996 463 πλήν
1023 373 1080 443 οόκ
1111 378 1147 441 έκ
1176 379 1234 460 τής

147 475 317 563 όσωμάτου
350 475 428 563 ὕλης
456 476 495 543 τό
531 487 674 559 στοιχεῖα
703 474 738 541 τό
772 471 854 541 εἶναι
883 474 1032 564 εἰλήφασι
1054 476 1132 543 κατὰ
1159 476 1234 551 τεός

83 580 282 662 Ρ.6ε“ξωθεν,
306 580 373 646 ἀλλ’
394 582 427 657 ἐξ
448 580 549 643 αότοό
568 582 628 641 τοῦ
647 578 771 641 πάντων
792 576 987 659 δημιουργοῦ
1007 579 1178 643 unificari·
1200 578 1235 639 έν

78 683 183 768 imp
207 677 314 767 πραότῃ
341 678 401 763 γόρ
435 676 538 764 ήμέρηι
567 681 641 741 καθ’
668 672 707 760 ήν
726 677 760 750 ἐξ
783 676 841 737 οόκ
875 667 973 739 όντων
995 679 1159 760 παρήγαγε
1178 675 1235 740 τὸν

148 778 281 863 ου’ρανὸν
301 783 357 844 κατ’
373 777 429 861 τήν
448 774 545 861 γήυό
572 772 668 857 θεός,
697 777 869 858 τηνικαῦτα
889 774 944 839 καί
963 774 1044 839 ccicc}
1065 775 1262 858 συμπαρήοό

145 903 223 963 γαγε
243 878 281 945 τό
301 887 465 960 στοιχεῖα,
487 877 531 954 οἷς
550 877 695 940 ἐντεῦθεν
716 873 817 938 πόντα
838 871 918 958 πρός
936 873 970 939 τό
995 870 1078 940 εἶναι
1098 869 1236 958 πορόγε·

146 985 237 1047 σόαι.
278 976 333 1043 καί
347 980 422 1062 περὶ
440 981 499 1059 μέν
519 980 578 1041 τοῦ
602 976 742 1055 οόρανοῦ
758 978 903 1039 τοιαῦτα.

230 1081 320 1163 Περὶ
342 1080 377 1142 δὲ
404 1080 459 1157 tic
478 1078 535 1161 γής
564 1077 682 1140 εἰδέναι
707 1074 848 1160 όφεδκεις
877 1069 929 1137 ότι
949 1078 1047 1155 μέσον
1075 1066 1159 1157 αὕτη
1177 1074 1238 1135 τοῦ

148 1176 263 1253 παντός
283 1174 480 1264 α’πηαόρηται.
530 1177 586 1239 καί
605 1177 698 1239 τοῦτο
717 1174 824 1256 γνοιής
844 1167 884 1238 όν
902 1175 938 1237 έκ
956 1177 1012 1257 τῆς
1030 1173 1093 1238 τοῖν
1111 1165 1238 1253 ἄστρων

148 1279 307 1362 κινήσεως.
350 1277 522 1359 ι’σομεγέθη
542 1277 598 1339 κατ’
619 1271 681 1357 γὰρ
705 1269 874 1354 σύμπαντα
895 1276 1045 1359 φαίνεται
1063 1272 1140 1357 ἡμῖν
1156 1270 1236 1334 όια.
1251 1291 1289 1332 ιο

147 1379 294 1443 ciuium
322 1374 379 1439 κοιί
401 1376 660 1458 μεσουρανοῦντι
690 1371 747 1437 κατ’
766 1369 914 1436 δυ’νοντα.
966 1370 1022 1435 κατ’
1038 1367 1130 1436 τοῦτο’
1151 1372 1240 1435 έστιν

150 1472 227 1557 όπερ
250 1470 267 1540 ὃ
292 1478 391 1558 μέγας
411 1475 580 1551 Βασίλειος
614 1474 649 1537 ἐν
672 1474 713 1558 τῇ
731 1468 806 1553 περὶ
836 1470 1011 1557 φωστήρων
1047 1474 1119 1557 ἕκτη
1138 1468 1241 1533 αὐτοῦ

120 1574 259 1664 Βόμιλιή
280 1575 378 1661 φησί,
406 1574 472 1661 ,μηδ
492 1574 528 1638 δὲ
552 1572 630 1661 ήλιίηι
650 1572 755 1647 οόδεός
775 1571 862 1636 έστιν
880 1569 1037 1654 ἐγγυτάτω
1057 1572 1114 1633 κατ’
1136 1566 1241 1640 οόδεὶς

149 1671 362 1758 πορρωτάτω,
391 1667 460 1737 ἀλλ’
481 1674 515 1751 ἐξ
537 1669 610 1738 ἴσου
641 1676 698 1736 τοῦ
731 1666 942 1753 διαστήματος
971 1677 1037 1745 τοῖς
1066 1665 1150 1732 κατὰ
1178 1668 1242 1730 πᾶν

149 1774 245 1857 μέρος
265 1778 317 1858 τῆς
336 1774 393 1857 γής
413 1773 657 1859 κατῳκισμένους
678 1772 904 1856 προσβόλλει.”
946 1771 1084 1855 πρόσεχε
1101 1758 1168 1831 σόν.
1212 1767 1243 1830 εἰ
1255 1776 1292 1836 ι5
1361 1795 1362 1818 ι

150 1869 212 1957 γὰρ
243 1872 441 1957 παρήλλαξεν
476 1868 495 1955 ή
529 1873 568 1955 γή
597 1868 655 1955 τήν
682 1866 861 1953 μεσότητα,
890 1870 987 1953 έχρήν
1019 1867 1156 1954 όποτέριρ
1183 1869 1242 1947 μέν

152 1972 412 2056 προσκεχωρήκει
438 1971 500 2035 τῶν
517 1973 609 2055 πέριξ
631 1973 755 2052 μερῶν,
785 1972 885 2035 έκεῑσε
906 1966 945 2033 τό
969 1962 1070 2052 ἄστρα
1089 1965 1240 2050 γινόμενα

153 2068 231 2154 δρᾶν
250 2072 401 2152 μείζονα,
431 2071 489 2156 εἶφ’
524 2059 568 2134 ὧν
591 2072 626 2133 δέ
647 2072 806 2152 διέστηκεν
827 2062 926 2151 αδτη,
945 2070 980 2133 έν
1003 2064 1128 2142 τούτοις
1147 2062 1242 2130 ἐλασ-

152 2192 230 2234 σονα
251 2173 351 2233 ταῦτα
371 2162 495 2253 ἀθρεῖν.
517 2170 575 2233 νῦν
597 2169 632 2231 δὲ
652 2164 874 2247 ἁπανταχόθεν
905 2165 961 2232 ἴσα
979 2164 1124 2252 ὁρώμενα
1147 2166 1242 2230 δι’δω·

151 2292 203 2333 σιν
223 2267 299 2351 ἡμῖν
319 2270 436 2333 ἐννοεῖν
457 2262 506 2331 ότι
522 2267 621 2346 μέσον
641 2264 661 2349 ή
686 2268 727 2349 γή
745 2269 804 2329 τοῦ
828 2266 945 2341 παντός
965 2263 1166 2353 α’πηιόρηται.
1187 2262 1295 2332 aruino

152 2364 213 2451 γὰρ
232 2368 263 2431 εἰ
295 2364 338 2451 μή
373 2367 465 2431 τοῦτο
493 2358 551 2449 ήν,
574 2366 605 2430 εἰ
622 2362 667 2447 μή
696 2359 840 2449 καδόπερ
862 2365 1012 2447 εἴπομεν,
1032 2366 1242 2451 α’πηωρημένη

154 2461 238 2551 αότη
258 2463 415 2551 παρήγετο
437 2469 504 2533 κατ’
532 2460 653 2552 α’ρχός,
685 2464 744 2532 οόκ
762 2457 801 2531 έν
825 2462 858 2531 αἱ
877 2466 957 2532 κατὰ
977 2462 1092 2539 τόπους
1108 2459 1245 2548 κινήσεις

228 2627 268 2696 τό.
286 2624 357 2702 τοῖς]
376 2627 429 2681 τοῦ
451 2626 478 2679 P.

155 2770 216 2825 esi?
235 2772 270 2824 de
288 2778 417 2843 quattuor
436 2772 546 2843 quidem
564 2772 707 2825 elementis
725 2772 815 2825 omnic
834 2770 967 2842 products
985 2780 1057 2836 tunt,
1074 2788 1166 2824 verum
1185 2788 1243 2823 non

155 2860 190 2894 ex
207 2842 255 2895 illu
272 2844 384 2895 materie
405 2844 524 2913 corporis
543 2852 653 2911 experte
671 2850 794 2895 naturam
814 2844 1013 2913 essentiamque
1031 2861 1104 2895 suum
1123 2844 1244 2895 elemen-

155 2922 184 2965 ta
202 2922 378 2983 acceperunt,
398 2930 468 2982 quae
488 2914 665 2965 extrariorum
693 2922 734 2965 cst
748 2916 896 2967 sententia:
914 2915 954 2966 sic
970 2924 1060 2966 tumen
1077 2914 1145 2965 irncc
1160 2914 1245 2965 intei-

155 2982 286 3052 ligantur,
306 2990 339 3035 ut
356 2986 445 3035 omniu
463 3001 552 3036 rerum
570 2984 606 3037 ub
626 2984 722 3055 opiiice
740 2988 862 3055 proiectu
880 2985 1020 3037 fateamur.
1039 3002 1101 3036 narn
1121 2985 1166 3037 die
1187 2984 1245 3053 pri-

153 3068 206 3117 snu,
226 3070 281 3125 quo
304 3054 409 3105 caelum
428 3072 458 3107 ac
476 3062 576 3107 terrum
600 3054 634 3107 dc
650 3056 740 3107 nihilo
760 3057 790 3108 in
808 3066 897 3110 ortum
916 3055 1060 3125 produxit,
1087 3056 1147 3124 ipsc
1163 3056 1246 3108 simul

155 3123 291 3177 elementa
310 3122 442 3189 condidit,
462 3134 493 3177 ut
511 3125 575 3178 iude
585 3144 667 3196 porro
692 3136 798 3179 csetcru
809 3128 993 3198 provenirent.
1010 3137 1092 3198 utque
1111 3126 1245 3180 hactenus

157 3202 187 3247 et
202 3193 358 3249 huiusmodi
378 3194 412 3247 de
431 3197 507 3248 caelo
529 3197 601 3249 dicta
617 3206 705 3249 sunto.

227 3266 339 3319 Terram
357 3267 424 3319 scire
442 3267 525 3319 debes
538 3269 566 3319 in
577 3269 762 3321 universitatis
774 3285 863 3321 rerum
879 3269 970 3321 medio
990 3269 1070 3339 quusi
1086 3286 1246 3339 suspensum

157 3354 231 3405 esse;
256 3338 330 3407 quod
357 3338 446 3406 ipsum
463 3337 530 3391 licet
555 3338 589 3391 dc
620 3338 738 3392 siderum
759 3348 835 3391 motu
861 3355 1013 3408 cognoscas.
1032 3356 1094 3392 nam
1114 3358 1146 3391 ec
1163 3340 1246 3391 nobis

157 3424 216 3461 esse
232 3408 426 3479 magnitudinis
452 3408 573 3461 eiusdem
586 3408 714 3463 videntur
737 3410 846 3472 omnin,
865 3411 921 3462 sive
939 3411 1062 3462 oriantur
1079 3412 1137 3463 sive
1154 3410 1246 3462 medio

156 3481 260 3532 sintin
278 3482 356 3533 coelo
380 3480 437 3531 sive
459 3480 592 3533 occidunt.
611 3490 694 3552 atque
719 3482 771 3533 hoc
788 3480 859 3532 illud
877 3480 1008 3551 estquod
1025 3498 1137 3551 mugnus
1154 3490 1248 3533 noster

155 3548 272 3603 Basilius
298 3553 328 3603 in
354 3552 480 3603 orations
508 3552 634 3605 centurie
655 3550 833 3604 luminaribus
852 3552 904 3615 nit,
924 3554 1061 3603 nerninem
1080 3554 1133 3603 soli
1153 3552 1246 3621 proui-

156 3635 230 3675 murn
248 3638 306 3673 esse
323 3640 374 3674 nec
394 3640 410 3675 n
438 3623 495 3675 sole
515 3624 670 3691 longissime
688 3623 805 3685 distare,
826 3622 875 3674 scd
894 3640 955 3673 enm
973 3624 1118 3674 intervallo
1135 3623 1194 3692 puri
1211 3622 1247 3672 εδ

157 3692 265 3759 quasvis
290 3700 379 3745 terrae
408 3703 498 3764 partes
524 3694 708 3747 inhabitantes
726 3692 862 3744 accedere.
889 3693 1063 3763 quamobrem
1081 3694 1149 3745 haec
1165 3693 1247 3744 ucliru

157 3768 249 3813 tecum
266 3762 351 3831 ipsius
378 3775 441 3819 ants
460 3763 623 3819 consideres.
653 3782 717 3817 nuru
736 3765 761 3815 si
779 3763 900 3815 medium
917 3764 997 3817 huius
1016 3764 1137 3816 universi
1156 3766 1248 3815 lucum

156 3838 229 3884 terra
250 3849 306 3885 non
333 3833 484 3901 obtineret,
511 3838 590 3907 sequi
614 3851 725 3889 neccsse
741 3836 814 3887 soret
833 3844 865 3886 ut
882 3833 917 3886 ari
932 3850 1125 3956 puamcnnque
1142 3844 1250 3904 purtem

157 3903 228 3957 forte
248 3903 358 3973 propius
381 3905 542 3961 accederent
566 3906 670 3971 sidera,
698 3906 760 3959 istic
786 3906 887 3956 maiora
904 3907 930 3957 vi
951 3914 1079 3969 crentur,
1109 3922 1126 3955 n
1146 3906 1251 3975 quibus

159 3982 251 4026 autem
268 3974 374 4043 longius
392 3977 528 4043 abessent,
547 3979 624 4031 iniis
642 3979 746 4030 minora
764 3976 991 4045 conspicerentur.
1009 3992 1082 4027 nunc
1100 3993 1165 4028 vcro
1185 3993 1251 4027 cusu

159 4046 300 4115 quibusvis
330 4062 363 4097 ex
392 4048 515 4116 parribus
540 4057 692 4119 appareant
715 4049 857 4118 nequalia,
874 4044 1047 4114 cugitcndum
1066 4047 1146 4098 nobis
1163 4046 1249 4098 relin-

159 4125 248 4187 (ματα
265 4124 363 4173 terrum
379 4118 410 4174 in
426 4118 545 4175 universi
562 4121 652 4175 medio
672 4119 802 4193 pendere.
817 4135 881 4179 nnn
897 4116 1002 4190 absque
1018 4117 1068 4172 illo
1085 4119 1176 4182 scrut,
1196 4116 1253 4171 nuc-
