2742 4617
456 239 669 307 nursinum
698 241 800 309 Pons
829 247 855 307 ι.
1172 246 1201 330 9

114 390 173 475 τὴν
193 389 336 476 ἡμέραν,
356 394 445 457 τοῦτο
473 394 530 471 νύξ
559 396 749 481 ω’νομάσθὴ,
770 390 847 479 ὅπερ
871 398 1026 480 νεωτέρας
1045 420 1200 483 πρασὴγο.

115 494 188 575 ριἰις
210 489 292 572 μετὰ
314 490 373 575 τὴν
393 490 514 578 ἡμέραν
526 492 706 579 τετύχηκεν.
751 494 866 558 oriensis
889 489 908 578 ἡ
931 494 1034 580 ἡμέρα
1054 509 1201 583 προηγεῖ.

112 612 169 654 ται
189 594 246 673 τὴς
271 588 394 665 νυκτός.
444 592 479 655 τὸ
500 592 561 677 γάρ
588 598 656 680 φῶς
685 596 784 659 έκεῖνο
807 596 1031 677 διακεχυμένον
1049 589 1082 661 έν
1102 594 1203 664 ἅπαν-

112 692 217 773 rugosi
245 694 467 757 συνεστέλλετο
495 694 636 757 κελεύσει
666 696 725 759 τοῦ
745 691 980 777 παραγαγόντος
1001 696 1080 763 αιλεὸ
1102 701 1200 778 θεοῦ,

83 786 362 869 ὀσυστελλόμενον
383 794 418 855 δέ
441 790 576 874 πάροδον
595 794 702 858 ἐδέδοτο
721 794 759 879 τῇ
778 796 884 875 νυκτί,
903 794 988 859 καθά
1009 822 1105 883 φησιν
1121 791 1199 862 ’Iov-

113 897 221 965 στῖνος
243 886 260 953 ὅ
280 890 450 976 φιλόσοφος
472 890 489 955 o‘
512 890 566 957 κατ’
586 890 712 975 μάρτυς
736 895 882 976 Χριστοῦ
889 942 899 973 ,
929 894 985 958 κατ’
1001 899 1067 976 μετ’
1085 898 1230 961 ἑκεῑνσνῦ

113 986 132 1053 ὃ
152 990 253 1071 μέγας
270 992 447 1065 Βασιλειος.
491 988 583 1056 ἔνθεν
604 1016 652 1056 τοι
673 995 729 1058 κατ’
747 990 782 1057 rii
804 996 904 1075 μὴκος
924 994 1114 1079 ἀμφοτέρων
1134 998 1202 1059 ἑπι-

114 1086 282 1154 σιινὰπτων
302 1087 454 1174 ὁΜωσὴς
474 1092 529 1155 κατ’
542 1093 619 1171 μίαν
642 1074 764 1176 ἡμέραν
787 1085 962 1173 ἀποκαλεῖν,
984 1090 1068 1157 οιῗτω
1087 1093 1204 1178 τὴνέκ-

114 1192 270 1271 μέτρησιν
290 1191 353 1253 ταῖν
377 1189 502 1272 χρόνων
532 1197 634 1270 ποιεῖ,
661 1189 738 1271 ,κατ’
769 1192 905 1274 έγένετσ”
927 1194 1025 1277 λέγων
1044 1189 1205 1279 ,,έσπέρα,

69 1287 173 1363 sorsat*
197 1292 317 1372 ἐγένετο
341 1290 428 1375 πρωλΙ
445 1290 546 1375 ἡμέρα
566 1292 658 1373 μέα.”
713 1292 866 1372 έπέγνωθι
888 1282 962 1372 οὖν,
984 1293 1141 1377 α’γαπητέ,
1163 1292 1207 1370 ὦς

115 1384 182 1471 εἴγε
216 1385 250 1453 τὸ
282 1386 388 1465 σκότος
414 1392 511 1455 έκεῖνο
539 1400 707 1473 προηγεῖτο
737 1393 793 1472 τῆς
815 1388 958 1471 ἡμέρας,
981 1393 1103 1455 ἐκεῖθεν
1125 1383 1205 1455 ένὸ

114 1490 243 1570 Μωσῆς
265 1489 318 1551 κατ’
339 1487 397 1572 τὴν
417 1491 478 1553 τῶν
500 1488 628 1573 ἡμερῶν
648 1492 785 1553 έποιεῖτο
808 1490 1003 1572 έκμέτρηστν.
1027 1491 1127 1555 ταῦτα
1146 1492 1208 1571 μέν

115 1578 175 1651 οὖν
205 1589 389 1669 έπιβιβαιοῖ
414 1591 470 1653 καί
497 1584 598 1665 αὐτὸς
627 1587 720 1669 ὃτὴν
740 1590 882 1671 γλῶτταν
898 1592 1049 1670 χρυσοῦς.
1091 1588 1125 1653 έν
1144 1588 1206 1673 γὰρ

115 1689 156 1769 τῇ
178 1688 225 1762 εἰς
246 1685 303 1771 τὴν
323 1684 497 1773 έξαὴμερον
518 1693 608 1776 τρίτῃ
632 1690 734 1754 aurosi
753 1685 861 1774 ὁμιλίᾳ
884 1688 981 1774 φησιν
1002 1684 1051 1752 ὅτι
1071 1687 1169 1754 εἰπών
1190 1688 1207 1753 ri

71 1788 245 1871 ι5Μωσὴς
273 1789 348 1868 ,κατ’
376 1788 497 1869 ἐγένετο
526 1784 644 1871 ἑσπέρα
678 1785 734 1851 καί
760 1790 880 1869 ἐγένετο
900 1785 988 1871 πρωῒ
1006 1786 1109 1871 ἡμέρα
1130 1790 1206 1869 μέιι”

117 1884 215 1963 ἔδειξε
240 1889 356 1971 σαφῶς
389 1882 439 1951 ὅτι
460 1884 493 1951 τό
516 1888 602 1963 τέλος
625 1887 679 1969 τῆς
700 1883 812 1962 νοκτός
836 1881 990 1970 πλήρωμα
1009 1889 1067 1970 τῆς
1087 1888 1208 1972 ἡμέρας

117 1986 217 2051 ἐστίν·
263 1987 318 2053 έπί
334 1984 396 2069 γὰρ
417 1980 518 2073 τούτῳ
540 1987 596 2050 κατ’
614 1986 802 2071 ἀμφοτέρων
822 1984 859 2049 τὸ
880 1989 979 2068 μῆκος
993 1983 1113 2069 ἡμέραν
1131 1988 1240 2067 μεἀνΙ)

118 2084 246 2160 εἰκότως
282 2083 439 2150 ἐκάλεσεν.
489 2082 573 2149 σέτω
604 2086 663 2165 μὲν
686 2076 761 2164 οὖν,
795 2079 929 2167 ὅμέγος
949 2089 1116 2160 Βασιλειος
1136 2087 1210 2168 περὶ

117 2186 178 2249 τοῦ
195 2188 343 2260 Μωσέως
363 2186 472 2272 φησίν,
493 2188 546 2249 ἵνα
566 2182 604 2249 τὰ
625 2188 778 2267 πρεσβεῖα
797 2186 852 2266 τῆς
869 2186 1021 2265 γενέσεως
1042 2184 1150 2272 α’ποιλρῖ
1170 2186 1275 2272 rm

69 2311 108 2355 ιο
119 2282 242 2371 ἡμέρᾳ,
263 2280 413 2369 πρότερον
437 2276 554 2348 riustri
577 2284 676 2365 πέρας
696 2285 753 2364 τῆς
772 2280 903 2367 ἡμέρας,
924 2276 993 2347 εἶτα
1013 2286 1070 2366 τῆς
1092 2281 1207 2360 νυκτός,

118 2376 163 2457 ὥς
184 2383 380 2469 έφειιομένὴς
399 2383 456 2467 τὴς
476 2378 585 2457 νυκτὸς
607 2385 647 2470 τῇ
665 2380 769 2468 ἡμέρᾳ
781 2383 822 2467 ⁴).
865 2372 946 2467 ἄφες
965 2381 1075 2447 λοιπὸν
1092 2380 1130 2446 τά
1150 2385 1207 2447 τοῦ

193 2558 286 2625 tros·
304 2558 404 2612 deerat.
494 2561 519 2613 8.
540 2556 600 2634 καὶ]
623 2550 671 2611 out
691 2558 718 2611 P.
803 2574 829 2625 9.
847 2558 995 2613 ποιεῖταιῒ
1083 2576 1121 2627 ¹7·
1139 2561 1206 2613 ισέ-

193 2646 250 2685 των
270 2630 297 2681 Ρ.
363 2632 387 2702 ·)
406 2632 565 2683 Dunsssceui
582 2630 655 2703 spusl
674 2628 865 2683 Leuuclsvium
883 2630 958 2682 loeus
976 2629 1055 2682 deest
1072 2628 1145 2681 CFV.

119 2812 182 2884 ,tter
200 2811 300 2865 deinde
317 2817 468 2885 oppositum
487 2819 585 2883 suerit,
606 2818 695 2872 noetis
714 2834 813 2871 nomen
831 2818 978 2887 occeperit,
995 2816 1207 2885 appeliationem

116 2884 230 2939 scilicet
247 2885 301 2937 diei
314 2903 379 2939 voce
397 2890 581 2941 recentiorem.
597 2906 650 2960 qun
671 2898 763 2958 ropter
779 2897 886 2941 noctem
905 2888 963 2940 dies
981 2886 1129 2957 praecedit
1145 2906 1209 2941 narn

115 2956 169 3007 lux
189 2956 238 3007 ills
256 2955 321 3009 hinc
347 2958 413 3010 iude
431 2959 529 3011 diffuse
555 2908 733 3029 colligeiiatur
748 2959 875 3011 mandato
895 2958 953 3023 dei,
970 2959 1017 3028 qui
1037 2974 1095 3009 enm
1113 2956 1209 3011 consii-

117 3025 216 3093 slerat5
239 3027 354 3079 collecta
375 3046 456 3094 vero,
474 3040 505 3083 ut
528 3031 624 3083 Iustini
642 3030 800 3101 philosophi
823 3030 977 3100 Christique
998 3031 1077 3081 testis
1093 3045 1124 3079 uc
1142 3045 1211 3081 eun-

117 3096 185 3149 dern
214 3100 301 3149 secuti
318 3099 410 3151 Basilii
429 3100 519 3154 verbis
547 3110 621 3165 utar,
640 3102 714 3153 nocti
734 3101 809 3154 velut
827 3101 930 3152 aditum
952 3100 1086 3169 quendam
1104 3100 1211 3168 potess-

117 3166 222 3219 ciebut.
253 3185 308 3239 quo
326 3170 357 3221 tit
373 3180 405 3224 ut
433 3173 550 3241 spatium
569 3172 714 3243 utriusque
727 3171 894 3240 coniungens
913 3170 1017 3233 Moses,
1035 3169 1119 3239 idque
1137 3170 1210 3224 diens

116 3238 265 3309 appellans
289 3257 387 3305 unum,
420 3244 552 3313 temporis
578 3260 729 3295 mensurum
757 3242 894 3312 quendam
922 3242 1067 3304 instituet,
1091 3259 1152 3293 curn
1171 3242 1211 3296 sit

116 3308 213 3374 „sacro
232 3327 346 3381 vespere
364 3329 396 3365 so
413 3330 492 3366 mnne
511 3314 568 3365 dies
589 3331 658 3367 unns
677 3314 807 3367 exstitit.”
823 3312 998 3385 quomobrem
1015 3310 1210 3365 animadverti-

116 3390 165 3443 to,
193 3378 295 3434 dilecte
313 3382 373 3447 fiii,
395 3384 470 3453 quod
488 3386 510 3437 ri
528 3383 613 3453 caligo
633 3402 663 3435 es
681 3386 752 3437 diem
771 3385 972 3455 praecessisset,
990 3384 1099 3434 omnino
1119 3383 1209 3435 Moses

118 3450 229 3503 dierum
251 3450 317 3505 inde
344 3470 497 3508 mensurum
516 3456 633 3507 facturus
656 3454 749 3507 suerit.
768 3456 908 3509 confirmat
926 3452 993 3505 haec
1011 3454 1091 3504 etiam
1112 3470 1210 3507 eureus

118 3531 214 3575 orator
232 3522 282 3574 iiis
301 3534 399 3577 noster.
420 3533 486 3578 sunt
503 3528 575 3579 enim
593 3524 661 3577 haee
683 3526 767 3595 ipsius
785 3527 868 3579 verbs
887 3526 1010 3577 oratione
1032 3522 1066 3575 rie
1086 3542 1133 3576 sex
1151 3523 1211 3575 din-

118 3610 180 3645 rurn
206 3593 336 3663 operibus
364 3597 445 3651 tertio
471 3614 550 3662 „cum
570 3596 638 3649 dicit
659 3596 767 3659 Mores,
785 3597 856 3648 sacto
875 3611 988 3665 vespere
1005 3610 1035 3645 no
1051 3612 1131 3647 mane
1152 3594 1211 3647 dies

119 3680 192 3715 unus
212 3665 335 3729 exstitit,
354 3668 497 3736 perspicue
518 3668 699 3731 demonstrat,
717 3667 797 3718 finem
814 3667 902 3719 noctis
920 3668 1054 3788 integrum
1072 3666 1145 3718 diem
1162 3666 1213 3718 ab·

121 3734 235 3787 solvere.
256 3752 386 3789 ueroeam
407 3736 443 3791 ob
462 3756 570 3793 causam
589 3740 734 3808 utriusque
751 3740 866 3807 spatium
884 3745 959 3788 recte
997 3736 1048 3788 iem
1065 3755 1149 3789 uuum
1162 3754 1211 3807 sp-

119 3804 241 3873 pellasit.
263 3806 361 3859 eodem
379 3808 461 3861 modo
478 3828 587 3879 magnus
606 3810 687 3862 etiarn
706 3809 820 3861 Basilius
838 3808 933 3877 iuquit
950 3808 1066 3872 Μοιεια,
1087 3817 1118 3861 ut
1135 3808 1212 3877 prio-

118 3891 165 3927 res
183 3885 258 3928 onus
279 3886 371 3947 portes
396 3878 453 3932 diei
483 3882 634 3941 tribueret,
653 3881 767 3949 primum
791 3879 847 3932 diei
866 3878 948 3930 finem
967 3880 1143 3949 expressisse,
1161 3877 1210 3930 ‹le-

118 3944 188 3999 inde
214 3949 320 4013 noctis,
349 3957 477 4022 tanquam
503 3963 584 4006 nocte
609 3950 681 4003 etism
706 3959 846 4020 sequente.
864 3950 1011 4021 quinetiam
1030 3952 1212 4003 Damascenus

118 4014 170 4067 ilis
188 4016 339 4083 lohannes,
362 4025 452 4092 cupite
470 4022 640 4076 decretorum
668 4039 777 4073 suorum
798 4037 850 4085 20,
871 4022 910 4073 sic
927 4020 960 4072 ds
977 4020 1029 4073 liae
1049 4020 1211 4092 quaestione

118 4084 247 4142 disserit:
273 4092 366 4161 „prior
391 4094 483 4147 extitit
509 4094 583 4158 dies,
601 4111 631 4145 ιισ
649 4110 705 4145 nox
728 4092 871 4163 posterior.
889 4094 982 4162 itaque
1003 4109 1057 4143 nox
1076 4092 1149 4143 diem
1167 4105 1211 4141 se·

118 4160 233 4233 quitus.
250 4168 279 4217 et
305 4162 339 4221 ab
365 4164 446 4221 initio
465 4164 521 4223 diei
546 4164 690 4243 noctisque
707 4165 893 4233 ,ιιιιιιιειαλοιῖΙ
918 4162 1094 4239 quomobrem
1112 4162 1142 4219 in
1159 4158 1212 4215 hue
