2742 4617
209 189 285 273 152
537 211 751 279 urcuamrs
781 207 943 276 curete

200 363 257 430 τόν
285 361 413 448 ποιητὴν
441 363 481 449 τῇ
507 365 571 427 τόν
598 360 738 445 α’γγόλαυ
760 359 927 447 όπιστασίρ
950 355 992 422 ’τό
1020 358 1083 422 τόν
1101 352 1280 438 ἀνθρώπων

200 465 383 550 φρουρῆσαι
404 464 492 542 γένος
498 509 509 541 ,
529 454 614 536 ὅπως
631 457 677 542 μὴ
700 461 755 545 dio
775 454 831 523 καί
852 455 1014 542 warewella
1032 451 1203 546 goderaoc,
1224 443 1280 514 do·

199 559 302 646 ρότως
324 556 443 642 ἐπιόν,
473 554 529 636 eric
549 557 603 624 διό
625 555 747 644 φθόνον
767 553 932 640 ἐμίσησεν,
953 547 1053 630 rideris
1076 553 1280 637 διαφθείρη.Η

199 658 249 726 ότι
273 661 310 724 δὲ
329 660 431 724 ταῦτα
450 653 550 733 οότοος
569 653 657 739 ἔχει,
683 656 739 722 καί
759 649 810 720 ότι
828 657 889 720 τόν
911 655 1031 720 πιοτιόν
1062 652 1188 726 ἕκαστος
1221 641 1280 731 ἅγ-

198 766 289 841 γελοκ
321 755 449 843 φόλοκα
480 756 646 840 κέκτηται,
681 756 736 819 καί
762 755 807 840 τῷ
831 749 910 819 κατό
941 753 1115 818 Ματθαίον
1150 747 1308 830 adonai

198 859 256 942 tto
286 849 473 939 διὲιληπται.
529 855 613 938 λέγει
636 853 698 937 γόρ
722 851 837 936 »δρᾶτε
863 848 907 935 μὴ
927 846 1186 936 καταφρονήσητε
1212 841 1282 920 ἑνός

198 959 261 1022 τῶν
280 955 401 1038 μικρόν
425 949 564 1020 τοόταν·
614 947 644 1016 οἱ
662 948 724 1034 γόρ
747 943 872 1034 όγγελοι
892 949 999 1014 adreio
1018 949 1164 1032 διηνεκῶς
1184 941 1283 1029 όροόσι

119 1053 235 1120 lttord
270 1052 436 1138 πρόσωπον
468 1052 526 1117 rori
553 1048 674 1134 πατρός
701 1073 765 1133 μου
790 1050 847 1114 τοῦ
865 1049 900 1114 ἐν
923 1048 1095 1133 odoenus
1134 1041 1282 1126 καὶπερὶ

198 1153 257 1236 μὲν
277 1147 400 1217 τοότιον
417 1144 527 1225 οὕτως.

273 1244 341 1316 Ἔτι
369 1251 409 1329 dd,
433 1248 489 1315 καί
516 1252 610 1314 rodco
629 1249 716 1332 παρό
739 1271 823 1314 τισιν
851 1243 1026 1332 ἠπόρηται,
1057 1240 1117 1311 εἴτε
1150 1241 1210 1327 πρὸ
1228 1243 1328 1328 ricto

198 1349 389 1434 παραγωγῆς
410 1350 469 1413 τοῦ
488 1349 628 1434 ου’ρανοό
648 1345 704 1411 καί
719 1347 844 1431 τῆςγῆς
864 1342 927 1410 εἴτε
947 1344 1027 1426 μετὰ
1049 1340 1105 1428 τὴν
1129 1342 1282 1426 δημιουρ·

197 1447 271 1531 γίαν
290 1448 397 1510 adeda
422 1443 457 1511 αἱ
476 1444 586 1532 νοεραί
606 1442 757 1527 δυνάμεις
775 1443 997 1532 παρήχθησαν.
1024 1439 1040 1508 ό
1059 1444 1118 1526 μὲν
1135 1433 1192 1505 οόν
1204 1441 1283 1504 Θεο-

198 1542 353 1629 διόρητσς,
373 1548 428 1610 καί
441 1543 506 1629 μην
524 1542 580 1608 καί
599 1541 618 1608 ό
637 1545 669 1608 Γ
666 1541 805 1618 εννόδιος
825 1539 885 1626 πρό
908 1545 970 1606 τῶν
990 1539 1133 1626 δοράτων
1153 1534 1283 1625 φόσεων

199 1645 454 1727 διισχυριζονται
475 1640 532 1707 τόν
552 1638 669 1727 όρατόν
686 1644 812 1708 τουτονί
823 1639 939 1725 κόσμον
958 1641 1180 1723 παραχθῆναι·
1199 1639 1283 1702 ἐπει-

199 1741 240 1822 δὴ
260 1739 321 1824 γόρ
349 1740 562 1825 περιγραπτοί
578 1742 659 1806 εἰσιν
687 1736 718 1804 oi
748 1731 895 1823 ἄγγελοι,
923 1733 1039 1824 ἔπρεπε
1076 1733 1199 1811 πάντας
1228 1736 1283 1800 καί
1295 1738 1332 1800 15

199 1839 298 1905 τόπον
316 1833 406 1905 εἶναι’
420 1863 512 1921 τινα,
545 1835 589 1914 τός
617 1840 763 1904 όετεόθεν
793 1836 911 1912 αότοός
932 1839 967 1902 όν
986 1838 1071 1924 adegi
1091 1830 1283 1920 περιγράφε-

201 1943 292 2006 σθαι.
336 1931 406 2003 dtl'
428 1935 571 2014 όλοιπός
592 1939 656 2005 τόν
676 1940 823 2021 πατέρων
845 1934 1013 2020 κατόλογος
1033 1937 1186 2018 οδμενοόν
1205 1929 1282 1996 adad

176 2035 453 2118 Βκαταδεχόμενος
473 2040 631 2123 φαίνεται.
670 2036 727 2102 καί
757 2039 925 2120 τηνικαῦτα
946 2037 1004 2101 aori
1021 2031 1161 2118 μεγόλου
1181 2035 1284 2096 Βασι-

202 2141 289 2200 λειόυ
312 2137 347 2200 ἐν
366 2137 405 2222 τῇ
422 2129 585 2223 ἑξαημόρφ
606 2137 710 2200 ου’τοό
731 2137 873 2217 λέγοντος
891 2117 987 2199 όόιουε
1006 2125 1066 2218 „dl
1081 2155 1128 2208 τις
1146 2136 1283 2214 πρεσβυ-

202 2234 281 2316 τόρα
298 2234 355 2316 τῆς
377 2235 435 2297 τοῦ
463 2233 584 2314 κόσμου
614 2233 763 2315 γενέσεως
783 2227 987 2310 κατάστασις,
1007 2238 1076 2307 ταῖς
1097 2209 1335 2314 όνίερκοσμί-αο

204 2354 252 2404 αις
275 2327 429 2410 δυυόμεσι
452 2331 628 2414 πρέπουσα.
683 2330 945 2414 δημιουργήματα
967 2331 1002 2394 δὲ
1020 2330 1055 2396 όν
1076 2323 1197 2418 οότῇό
1222 2331 1285 2395 τῶν

205 2424 289 2493 dtur
306 2427 498 2514 δημιουργός
515 2426 684 2496 ἀπετέλεσε
703 2429 772 2515 φῶς
796 2423 915 2512 νοητόν,
938 2432 1056 2514 πρέπον
1075 2431 1116 2518 τῇ
1131 2425 1285 2515 μακαριό-

207 2745 287 2783 τεοεε
308 2744 397 2781 rerum
409 2728 534 2800 opificem
551 2743 600 2799 ρετ
616 2729 773 2800 angelorum
791 2729 987 2800 inspectionem
1004 2738 1087 2814 atque
1105 2729 1219 2782 tutelam
1241 2746 1287 2800 ge-

206 2817 257 2854 nur
274 2801 420 2852 humanum
439 2799 588 2860 custodire.
604 2816 640 2852 ne
656 2815 706 2882 per
721 2799 775 2852 vim
796 2816 827 2852 ao
846 2800 1018 2868 tyrannidem
1034 2797 1289 2868 anadepectabilitcr

208 2887 255 2923 eoe
273 2886 425 2939 aggressor,
442 2887 510 2938 quoe
529 2869 588 2922 odit
606 2886 639 2921 ex
656 2869 774 2934 invidia,
792 2871 860 2922 citra
871 2873 1027 2954 cuiurguam
1045 2879 1148 2922 metum
1165 2887 1196 2922 ec
1214 2871 1289 2925 libe.

207 2957 237 2994 re
256 2939 377 3010 perdat.”
400 2956 470 3010 quae
490 2939 601 3011 quidem
619 2942 657 2992 itu
677 2956 749 3004 esce,
778 2957 810 2992 ac
826 2940 920 2994 fideles
940 2940 1059 3009 arnguloa
1077 2939 1177 2992 habere
1195 2951 1288 2993 cinto-

208 3011 270 3062 dem
290 3010 426 3079 angelum,
448 3011 531 3062 etiam
550 3011 580 3062 in
605 3011 744 3080 evangelio
763 3011 895 3064 Matthaei
914 3011 959 3082 (ιθ
982 3015 1022 3080 ιο)
1037 3010 1125 3064 vertis
1142 3009 1185 3062 hir
1203 3028 1288 3080 expo-

205 3082 281 3134 nitur
306 3079 416 3148 „vidrte
433 3097 468 3131 ne
482 3081 525 3133 vel
543 3098 627 3133 unum
648 3097 683 3133 ex
698 3081 787 3151 pervia
806 3080 878 3134 ltiece
903 3082 1096 3134 contemnatia:
1114 3097 1176 3132 nam
1197 3083 1288 3150 angeli

207 3167 301 3203 eorum
319 3167 375 3202 rem
396 3165 425 3201 er
451 3151 548 3203 faciem
589 3151 654 3206 atria
670 3152 743 3215 mei,
772 3152 869 3222 quiin
886 3152 970 3204 coelia
988 3161 1043 3217 eat,
1060 3152 1238 3222 adspiciunt.”
1255 3169 1288 3206 ac

206 3221 241 3274 de
260 3221 303 3273 lais
323 3167 434 3291 quidem
447 3219 515 3272 haec
534 3223 563 3274 in
585 3224 654 3275 'cata
673 3229 761 3274 eunto.

276 3293 418 3344 Praeterea
436 3292 589 3376 quaesitum
609 3310 625 3344 a
641 3291 781 3344 nonnullia
799 3297 841 3342 ert
857 3305 921 3342 uum
941 3289 993 3341 hae
1010 3297 1158 3359 potestaten
1175 3291 1288 3344 intelle-

205 3363 269 3414 riter
298 3372 362 3415 ante
380 3362 450 3414 coelr
470 3371 611 3433 terraeque
630 3363 795 3414 creationem
812 3359 937 3414 conditae
958 3361 1074 3424 suerint,
1092 3378 1127 3414 au
1143 3369 1288 3431 postquam

205 3433 254 3484 illa
271 3433 326 3484 iam
343 3433 413 3485 iacta
431 3442 517 3485 erant
535 3451 567 3486 ac
588 3431 772 3486 Theodoritur
791 3431 900 3501 quidem
920 3448 980 3483 cum
994 3431 1137 3484 Gennadio
1156 3431 1288 3486 mundum

206 3501 279 3555 herne
296 3503 347 3555 rub
367 3503 459 3554 oculor
480 3501 621 3556 cadentem
639 3503 800 3574 productum
819 3517 877 3554 ειιο
892 3501 921 3552 in
939 3510 1028 3554 ortum
1044 3510 1108 3554 ente
1125 3511 1233 3556 naturae
1253 3504 1290 3556 il-

205 3572 246 3623 laa
273 3571 498 3643 inadepectabilee
523 3573 635 3628 adierit.
658 3591 720 3626 nam
753 3573 816 3642 quia
840 3571 919 3624 eertir
938 3573 1129 3642 circumscripti
1155 3573 1289 3628 limitibua

205 3649 270 3694 erint
287 3644 393 3710 angeli,
413 3645 592 3698 conveniebat
620 3645 730 3698 omnino
749 3652 780 3694 ut
792 3641 867 3694 locus
888 3641 986 3711 aliquis
1005 3643 1133 3695 existeret
1150 3660 1205 3712 quo
1224 3663 1290 3696 con-

204 3713 363 3764 tinerentur.
381 3730 473 3764 verum
491 3714 542 3765 reli
562 3715 591 3765 ui
615 3722 704 3783 patrea
730 3713 781 3762 hoc
801 3728 972 3782 nequaquam
992 3711 1135 3766 admittere
1154 3713 1288 3767 ridentur.

205 3781 274 3850 quid
291 3799 400 3850 maguus
420 3784 469 3836 ille
487 3732 601 3836 Baridiua
617 3785 647 3835 in
662 3783 733 3834 libro
751 3799 800 3834 erro
815 3781 849 3834 dc
865 3783 1013 3852 primorum
1034 3799 1081 3834 rex
1099 3783 1203 3836 dierum
1222 3802 1289 3854 ope-

205 3849 281 3902 ribus
298 3851 388 3914 dicat,
416 3854 489 3904 audi.
515 3863 594 3917 „erat
615 3853 753 3922 antiquior
776 3851 873 3904 mundi
890 3861 951 3904 ortu
968 3851 1090 3906 condicio
1110 3853 1243 3924 quaedam
1261 3865 1290 3907 et

206 3927 306 3984 autur,
325 3921 539 3976 ultramundanie
558 3925 613 3978 illie
632 3921 814 3994 potestatibus
832 3923 1003 3980 convenicae.
1022 3924 1051 3976 in
1070 3941 1102 3976 eo
1123 3941 1211 3978 rerum
1229 3927 1291 3994 opi-

206 3991 251 4042 iex
270 3990 400 4060 quaedam
424 3994 561 4058 condidit,
588 3994 717 4046 nimirum
734 3993 822 4046 luceru
846 3993 922 4044 ittam
941 3993 1142 4058 intellectilem,
1161 3994 1288 4048 beatitati

206 4061 360 4131 augelorum
390 4059 528 4114 domiuum
553 4064 724 4133 diligentium
754 4065 983 4118 convenientem.”
1014 4065 1078 4119 audi
1105 4067 1185 4120 etiam
1220 4066 1288 4138 quid
