2742 4617
432 287 651 352 ιιιιιιιιιιοιο
676 291 778 364 rins
814 295 854 357 ιι.
1079 293 1181 377 -229

99 433 139 498 di
155 431 211 499 τάν
237 424 347 517 Ἔνάχ.
390 426 484 514 οὗτος
501 441 592 526 γεννᾷ
611 437 664 504 τάν
693 439 909 505 Μαθουσάλα.
949 440 1046 524 ξήσας
1067 443 1102 506 δὲ
1125 441 1214 527 ἔται)

97 533 158 614 τξί
178 532 241 613 οάχ
256 533 439 617 ηὑρίσκετο,
462 533 544 600 διδτι
564 543 734 622 μετέθηκεν
755 535 853 604 αὐτὸν
873 537 890 602 δ
912 535 996 614 θεάς.

183 633 244 708 Δίς
265 635 301 698 δέ
321 656 419 717 φησιν
440 633 461 717 ἦ
481 633 588 720 γραφή
610 630 659 701 ὅτι
677 637 839 719 ἐγέννησεν
859 636 954 720 Ἐνιδχ
976 636 1030 702 τὸν
1043 643 1183 704 Μαθου-

99 729 197 796 σάλα.
244 731 351 817 ταύτῃ
366 754 415 795 τοι
445 731 500 796 καί
528 730 546 796 ἀ
566 733 801 817 χρασορρήμοον
828 732 971 819 Ἰωάννης
993 735 1185 813 ἑπίτοάτοις

72 829 186 908 iodim
204 833 348 907 διέξεισιν
368 833 448 912 „mix
467 829 533 898 ἔστι
550 831 816 917 γάμος-ἐμποδών,
828 844 894 911 τοῖς
914 835 1093 915 εὐαρεστεῖν
1112 840 1184 902 ε’θέ-

98 937 192 995 λουσι
223 935 268 1016 τῷ
286 934 371 1018 θεῷ·
421 927 474 994 διά
497 929 560 1014 γάρ
592 933 684 997 τοῦτο
706 928 789 1011 ἅπαξ
815 935 870 996 καί
891 935 940 1009 δίς
962 934 981 1017 ἦ
1002 933 1077 999 θεία
1102 939 1185 1020 λέγει

94 1027 206 1115 γραφὴ
228 1024 279 1095 δἐι
308 1027 388 1112 μετὰ
414 1026 451 1094 τὸ
485 1033 632 1114 γεννῆσαι
660 1028 716 1096 τδν
738 1028 947 1098 Μαθουσάλα
974 1033 1185 1118 εάρρέστησεν
1238 1053 1241 1058 “

95 1129 194 1210 Ἐκοδχ
214 1133 259 1218 τῷ
287 1133 393 1218 θεῷ,”
422 1131 474 1216 ἐφ’
494 1121 519 1217 ᾧ
538 1129 594 1194 καί
609 1132 827 1212 μετατίθεται.
869 1131 924 1196 καί
945 1126 1003 1217 δρα
1028 1133 1183 1198 δεσπότου

96 1221 299 1313 dyndima·
351 1228 455 1315 εάροδν
484 1228 546 1314 γάρ
575 1221 680 1312 ἀνδρα
712 1231 946 1316 καταρθακδτα
973 1229 1030 1317 τήν
1051 1225 1183 1316 ἀρετήν,

52 1329 158 1393 τοοάκ
177 1327 389 1414 ἀπεστέρησεν
414 1328 511 1395 αάτόν
532 1333 589 1412 τῆς
608 1328 699 1409 ἀξίας
728 1327 767 1416 ἢν
788 1333 831 1419 τῷ
853 1333 1082 1420 πρατοπλάοτρι
1104 1333 1182 1415 ἐχα-

96 1430 210 1514 ράιατο
228 1423 290 1511 πρά
310 1432 367 1512 τῆς
381 1427 595 1513 παραβάσεως
617 1433 672 1511 τῆς
703 1431 837 1514 ἑκτολῆς.
879 1425 925 1494 ὅτι
948 1432 983 1496 δὲ
1006 1429 1079 1505 τοδς
1102 1435 1181 1515 θνα.

94 1525 205 1612 τάτητι
224 1525 278 1590 dui
298 1526 354 1610 τήν
381 1528 540 1612 άμαρτίαν
566 1527 717 1604 πεσόντας
748 1530 1036 1612 παραμυθούμενος
1065 1524 1215 1606 δθεόςλ).
1229 1559 1275 1599 ιτα

95 1624 155 1692 τδν
174 1626 274 1709 Ἐνάχ
291 1630 474 1711 μετέθηκεν,
496 1623 513 1690 ἀ
533 1632 631 1712 μέγας
646 1625 838 1705 Ἀθανάσιος
851 1631 885 1693 ἐν
899 1632 944 1716 κρῖ
964 1632 1010 1706 εἰς
1029 1627 1084 1715 τὴν
1105 1627 1181 1695 ἀνά-

96 1732 196 1809 ληψιν
216 1724 297 1813 λόγῳ
326 1727 428 1792 αάτοῦ
447 1730 559 1812 σοφοῖς
579 1724 663 1792 οὕτω
684 1729 828 1812 διείληφε
856 1728 1013 1808 ,θάνατος
1032 1733 1090 1809 μὲν
1114 1733 1180 1796 εἷσ-

49 1827 178 1909 attide
211 1823 265 1890 dmi
295 1823 355 1910 τὴν
384 1824 559 1909 παρακοήν.
617 1825 702 1891 λάτον
733 1829 768 1890 δὲ
796 1823 880 1908 ὅμως
901 1825 957 1910 τὴν
975 1830 1030 1911 τῆς
1051 1829 1181 1913 ἀπειλῆς

95 1923 200 2008 ἀκμὴν
219 1924 237 1988 δ
257 1921 335 2000 θεδς
359 1927 471 1991 ἐλπίδα
497 1921 597 2001 εάθδς
624 1923 807 2000 ἀθανασίας
841 1925 1000 1990 ἀνατέλλει
1020 1929 1062 2013 τῷ
1082 1930 1179 2008 γένει,

96 2027 154 2087 καί
175 2022 226 2089 τὸν
244 2022 340 2106 Ἐκιδχ
362 2027 396 2089 ἐκ
413 2025 513 2105 μέσου
532 2021 678 2108 ἁρπάζει.
719 2022 893 2088 κάντεῦθεν
911 2022 971 2106 τήν
983 2025 1102 2107 θνητήν
1117 2025 1182 2110 φά·

95 2145 149 2187 σιν
169 2125 332 2188 ε’διδαοκεν
354 2116 448 2204 ὅρους
470 2124 649 2197 ἀθανασίας
669 2124 868 2204 ἐκδέχεσθαι,
890 2120 980 2204 καλή
1002 2125 1059 2186 τοῦ
1079 2121 1182 2186 δικαί-

96 2244 136 2285 ον
157 2220 348 2297 κατάποσις
368 2223 509 2286 θανάτου
529 2219 639 2296 στάσις
655 2222 804 2304 ἐγένετο.”
846 2219 863 2282 δ
887 2223 921 2284 δὲ
940 2223 970 2284 Γ
968 2219 1097 2302 ειδργιίς
1119 2244 1182 2306 φη-

47 2343 149 2384 κοσιν
166 2315 217 2386 δτι
236 2321 294 2384 τοῦ
325 2317 446 2403 Λάμεχ
465 2318 539 2395 roric
566 2318 724 2406 ἀδελφούς
745 2320 864 2402 αὐτοῦ,
886 2322 944 2384 τοῦ
964 2317 1060 2401 Ἐντδχ
1082 2321 1179 2403 δηλα-

95 2422 157 2503 δή,
179 2418 391 2506 φονεύσαντος
411 2418 466 2484 καί
483 2418 542 2496 τάς
571 2429 721 2504 γυναῖκας
742 2419 849 2484 αιῖτιάν
870 2419 1021 2500 λαβόντος
1040 2415 1179 2503 προσρά-

102 2662 105 2668 ,
174 2601 213 2638 rs.
230 2587 458 2658 περιπεσόνταςλ

95 2757 139 2808 las
159 2761 240 2806 natus
258 2763 315 2819 τοις
339 2773 454 2828 cumque
480 2759 591 2812 vixisset
607 2757 732 2812 Enoohus
754 2773 838 2810 annos
857 2755 926 2820 365,
950 2754 1072 2808 subintus
1093 2773 1108 2806 a
1127 2755 1180 2808 deo

93 2841 230 2895 nusquam
247 2825 358 2879 exstitit.

166 2897 210 2947 Bis
227 2904 317 2948 autom
336 2898 442 2949 litterae
459 2915 551 2950 sacras
568 2897 680 2951 tradunt
693 2891 830 2950 tiochum
843 2894 1022 2948 Mathusaiam
1042 2910 1180 2963 procreas-

95 2983 133 3018 se.
149 2974 295 3036 propterea
314 2966 517 3034 chrysostomus
543 2968 611 3020 haec
627 2971 665 3021 ita
682 2967 820 3021 declarans
839 2969 942 3036 inquit:
972 2966 1126 3033 coniugium
1145 2965 1180 3016 ii-

94 3038 131 3089 lis
149 3038 197 3107 qui
225 3038 294 3106 grati
318 3047 348 3089 et
371 3041 475 3107 accepti
493 3055 552 3091 esss
571 3039 623 3090 deo
647 3040 758 3103 volunt,
776 3039 847 3090 nihii
873 3035 1060 3105 impedimenti
1081 3035 1179 3088 adfert.

95 3125 158 3160 nam
178 3124 211 3159 en
237 3108 370 3160 detonsa
396 3110 480 3161 semei
498 3118 579 3180 atque
602 3111 701 3160 iterum
727 3109 849 3161 indicant
873 3109 981 3160 litterae
998 3121 1089 3158 sacrae
1107 3105 1180 3156 Eno-

96 3180 176 3230 citum
204 3178 258 3230 deo
275 3179 360 3231 inisse
386 3189 503 3248 gratum,
532 3189 675 3250 postquem
693 3180 872 3231 Mathusalsm
891 3179 1044 3247 genuisset,
1061 3176 1179 3244 ideoque

96 3249 232 3301 sublatum
251 3248 374 3300 emedio
400 3251 491 3303 iuisss.
513 3259 595 3319 atque
614 3250 675 3302 heio
691 3251 757 3302 mihi
781 3251 930 3302 honitatem
949 3247 1006 3299 heri
1026 3247 1112 3298 nostri
1132 3246 1180 3295 ad-

95 3322 177 3390 spice.
195 3337 257 3371 nam
273 3320 382 3371 homine
401 3329 508 3390 reperto
525 3322 574 3390 qui
591 3337 692 3372 summo
710 3323 811 3373 virtute
828 3321 966 3390 praeditus
983 3325 1071 3379 esset,
1090 3316 1182 3367 noluit

97 3407 158 3441 sum
177 3389 254 3442 iliius
272 3391 412 3458 dignitatis
431 3401 568 3462 expertem
588 3407 660 3455 esse,
676 3407 731 3460 qua
748 3392 871 3461 principa
888 3391 949 3442 loco
970 3389 1110 3440 formatum
1130 3384 1181 3436 ho-

94 3463 195 3513 miuem
212 3470 276 3512 ants
291 3463 467 3514 violationem
486 3461 569 3515 edicti
583 3469 730 3513 ornaverat.
749 3470 777 3513 et
792 3477 856 3513 vero
876 3469 1018 3531 propterea
1037 3457 1071 3509 ds
1089 3456 1180 3508 medio

94 3532 233 3584 sublatum
260 3531 399 3583 Enoohum
424 3534 508 3586 fuisse
525 3533 670 3595 divinitus,
702 3539 732 3582 ut
751 3532 872 3583 homines
891 3530 1052 3582 mortalitati
1070 3535 1181 3596 propter

93 3611 236 3672 peccatum
254 3603 340 3654 iactos
358 3603 489 3656 obnoxios
513 3603 580 3655 dstrs
598 3602 798 3659 consolaretur,
826 3617 936 3671 magnus
952 3601 1000 3650 ille
1019 3597 1198 3651 Athanasium

93 3675 126 3724 in
143 3674 266 3725 orations
283 3689 331 3723 sua
349 3673 385 3724 ds
402 3673 597 3744 Adsumptions
614 3673 706 3725 verbis
730 3671 771 3723 his
793 3681 886 3742 aperte
903 3671 1050 3738 significat:
1068 3677 1181 3738 propter

94 3743 312 3796 inobedientiam
332 3743 443 3813 quidem
468 3746 586 3814 ingressa
607 3760 678 3796 mors
697 3750 753 3806 est,
775 3758 867 3795 verum
889 3741 1067 3792 nihilominus
1092 3746 1181 3790 extre-

92 3833 165 3866 mam
182 3815 258 3867 iilam
285 3815 500 3867 comminationis
525 3831 589 3867 suas
617 3815 787 3867 severitatem
815 3813 941 3880 mitigans
967 3809 1033 3862 deus
1062 3807 1180 3860 humano

93 3887 188 3954 generi
203 3899 278 3954 spem
297 3885 507 3937 immortalitatis
526 3887 661 3937 illustrem
679 3891 808 3946 ostentat,
818 3881 929 3934 Enocho
949 3879 982 3932 tia
1000 3879 1090 3932 medio
1108 3896 1181 3930 mor-

93 3957 190 4008 talium
216 3954 333 4007 subiato.
360 3971 416 4025 quo
443 3957 503 4026 ipso
531 3957 604 4008 iacto
627 3972 678 4007 nos
696 3954 791 4006 docuit
805 3962 928 4004 usturam
950 3952 1091 4004 mortalem
1111 3951 1180 4001 fines

93 4026 309 4079 immortalitatis
342 4027 474 4096 excipere.
506 4027 629 4098 adeoque
653 4026 718 4077 insti
741 4023 858 4076 hominis
885 4023 952 4074 lineo
969 4021 1092 4074 condicio
1109 4017 1180 4072 nihil

94 4107 155 4148 erat
184 4095 261 4148 aliud
287 4112 368 4220 ροισι
392 4099 486 4149 mortis
505 4098 582 4149 velut
607 4097 732 4149 insistere
749 4097 837 4147 iussae
863 4093 1001 4146 inhibitio.
1047 4090 1179 4156 Georgius

94 4167 193 4222 soibit
215 4167 287 4222 inter
299 4167 367 4222 sotis
386 4167 490 4223 Euochi
507 4167 635 4223 fratribus
661 4185 677 4220 τ
698 4165 849 4232 Ιαιτιεολιο,
865 4165 915 4237 qui
932 4163 1033 4220 deiude
1052 4160 1180 4229 coniuges
