2742 4617
472 295 684 360 ammian
712 297 814 362 rsus
847 303 873 365 r.
1137 272 1217 385 189

127 446 210 519 dvm
230 447 366 538 ἔφησεν,
397 448 540 512 τουτέστι
569 450 686 531 γνώσιν
712 451 904 536 τελεωτέραν
923 449 1011 534 τινά,
1034 439 1073 536 ῆς
1092 453 1245 534 &urrini-n

126 575 192 617 νειν
221 549 279 614 oria
298 548 443 632 α’σφαλὲς
466 553 534 622 τοῖς
552 569 589 628 ys
620 550 813 632 depereunte
840 546 898 634 τῆν
918 545 1040 636 ἔφεσιν.
1081 553 1218 636 πρόσεχε

126 641 194 714 σόν.
235 649 391 712 δέδεικται
412 640 473 728 yde
495 646 530 708 εἰι
550 649 675 710 πολλῶν
707 639 756 711 ότι
775 648 924 732 βρώσεως
943 651 1099 734 αι’σθητῆς
1119 653 1153 715 όν
1174 651 1216 736 τῷ

124 745 310 834 παραδείσῳ
332 746 390 807 ode
409 736 449 828 ῆν
462 741 570 828 όνδεῆς
590 741 609 807 ό
629 745 750 826 Ἀδάμ·
792 743 954 824 ώθώνοτος
974 749 1033 832 γάρ
1057 745 1118 812 όπό
1141 749 1220 813 θεοῦ

95 848 307 930 ὄπαραχθείς
325 846 382 906 oda
403 835 442 925 ῆν
466 839 597 918 ου’δενός
615 841 732 929 ε’νδεῆς.
774 847 831 910 καί
849 845 887 910 τό
900 844 964 931 χρῆ
987 846 1087 912 πολλὰ
1108 851 1219 933 λέγεινς

123 948 156 1012 εἰ
171 947 245 1010 καθ’
275 939 444 1026 ὁμοιότητα
476 941 539 1006 τών
559 935 699 1027 ἀγγέλων
732 943 767 1009 όν
788 947 830 1031 τῆ
858 941 1030 1012 α’ναστόσει
1051 941 1220 1031 ζῆσεταιό

121 1035 292 1128 ἅνθρωπος
304 1043 395 1127 (,,καί
409 1038 551 1105 ἔσονται”
571 1039 632 1126 γάρ
645 1065 725 1127 φησι
736 1037 871 1125 ,,πα’ντες
891 1043 935 1120 ώς
948 1036 1072 1128 ἄγγελοι
1091 1046 1218 1136 θεοῦ”),

123 1169 145 1225 η
171 1145 207 1208 δε
227 1167 283 1227 της
302 1139 506 1215 αναστιόσεως
536 1140 633 1225 χώρας
654 1135 749 1207 οὐδὲν
778 1135 853 1207 ἄλλο
881 1141 968 1208 ε’στόν
989 1141 1068 1210 rossi
1088 1168 1124 1228 ys
1144 1145 1219 1223 τούς

122 1245 234 1319 &seuva
248 1243 387 1324 πατέρας
410 1234 431 1324 ῆ
449 1231 527 1324 πρός
543 1237 579 1304 τό
600 1234 735 1326 οἷρχαΐοι
753 1243 816 1307 τών
833 1240 1037 1308 πεπτωκότων
1057 1242 1219 1310 ἀποκατά-

72 1364 257 1422 ιοστσσις,
276 1335 410 1424 εὔδηλον
429 1338 551 1416 πάντως
573 1335 624 1406 ότι
644 1338 705 1426 πρό
731 1344 787 1424 τῆς
818 1339 1030 1426 παραβάσεως
1053 1342 1218 1428 ἰσάγγελοι

121 1433 190 1522 εἶχε
212 1437 270 1524 τῆν
294 1436 377 1522 ζωῆν
403 1435 421 1502 ό
450 1434 568 1520 Ἀδάμ,
591 1434 672 1523 μῆτε
695 1435 815 1524 βρώσει
839 1438 919 1525 μῆτε
939 1437 1049 1525 πόσει,
1070 1439 1215 1528 Ικαθάπερ

120 1537 257 1624 εἴρηται,
278 1535 452 1622 χρώμενος,
481 1530 531 1601 ότι
551 1540 635 1622 μηδὲ
656 1537 744 1624 παραὶ
772 1547 837 1615 τοῖς
858 1540 1000 1623 οἶγγόλοις
1020 1543 1131 1618 ου’τοϊς
1150 1565 1246 1622 τοι-ς,

120 1634 219 1703 οότόν
237 1661 268 1702 τι
289 1634 493 1722 τεθεώρηται.
534 1637 580 1721 μῆ
600 1639 707 1704 τοίνυν
720 1639 755 1702 ἐν
772 1640 954 1728 παραδεισιρ
973 1638 1025 1706 τόν
1045 1634 1216 1727 ἄνθρωπον

119 1738 274 1821 αἰσθητῆς
294 1739 508 1827 ἐμφορεῖσθαι
529 1733 638 1816 νόμιζε
661 1736 820 1821 βρώσεως,
843 1733 893 1802 ότι
912 1741 994 1824 μηδὲ
1011 1739 1124 1824 χρειάν
1147 1734 1215 1824 εἶχε

70 1834 236 1920 ι5ταότης
266 1837 368 1902 ε’κεῖσε
396 1832 450 1899 διό
470 1857 505 1918 γε
534 1833 591 1918 τῆν
622 1839 709 1923 αὐτῷ
731 1837 906 1920 τηνικαῦτα
932 1843 1116 1922 προσοῦσαν
1135 1841 1214 1928 α’πό·

117 1940 223 2000 θειαν.
242 1935 311 1999 ἀλλ’
326 1937 381 2000 ἐπὶ
399 1932 522 2009 τοότοις
541 1935 754 2019 α’μφιβάλλειν
772 1933 829 1998 οόκ
854 1933 999 2018 ἔπρεπεν.
1021 1937 1129 2022 ε’πειδῆ
1150 1940 1213 2022 γὰρ

116 2033 157 2099 τό
189 2030 312 2120 φυσικὰ
332 2035 434 2098 ταῦτα
462 2028 566 2116 πάθη,
592 2025 685 2098 πεῖνα
705 2035 785 2116 λέγω
815 2032 870 2097 καί
891 2037 972 2116 δίψα
993 2031 1087 2108 κόπος
1116 2033 1213 2114 όπνος

115 2129 215 2218 όδόνη
245 2129 329 2216 λόπη
353 2134 412 2196 sus*
440 2129 477 2196 τό
502 2131 614 2213 λοιπά,
635 2129 716 2212 μετοὶ
736 2130 793 2216 τῆν
817 2127 1001 2217 παρόβασιν
1021 2137 1067 2211 εἰς
1085 2131 1138 2200 τόν
1156 2135 1213 2200 οἷν·

13 2280 18 2288 ,
119 2228 283 2318 θρώπινον
302 2234 373 2314 βίον
392 2231 603 2315 εἷσῆλθοσαν,
635 2230 678 2306 ώς
698 2228 717 2293 ό
737 2227 828 2314 λόγος
848 2226 910 2316 ῆδη
931 2231 1062 2319 φθάσας
1082 2235 1212 2320 ἐγνώρι-

62 2354 191 2412 nossa,
213 2332 361 2416 φαίνεται
374 2327 497 2406 πάντας
518 2325 565 2394 ότι
586 2326 647 2414 πρό
669 2331 725 2413 τῆς
746 2325 905 2416 όμαρτόας
926 2329 943 2394 ό
965 2323 1133 2418 ἅνθρωπος
1154 2333 1211 2398 σόα

117 2423 186 2512 εἶχε
217 2427 253 2494 τό
285 2427 520 2513 καταναγκάζον
552 2423 653 2495 αότόν
681 2429 837 2514 αἰσθητῆς
866 2427 1026 2497 ἅπτεσθαι
1048 2429 1209 2516 βρώσεως.

115 2529 176 2603 κατ’
206 2533 242 2594 τό
257 2527 321 2615 χρῆ
346 2526 446 2594 πολλὰ
465 2533 583 2612 Mysas,-
605 2524 641 2594 εἴ
653 2550 690 2612 γε
711 2531 833 2616 τροφῆς
859 2520 898 2616 ῆν
918 2527 1061 2618 όνδεῆςό
1083 2525 1244 2618 visdon-n

115 2824 256 2896 quandam
274 2823 477 2894 cognitionem,
505 2824 542 2877 ad
560 2841 642 2896 quam
660 2823 828 2878 contendere
847 2825 919 2878 velle
936 2843 993 2879 nou
1011 2833 1100 2880 tutum
1115 2837 1155 2882 est
1173 2831 1208 2884 iis

114 2914 236 2966 quaerum
253 2897 389 2966 cupiditas
407 2895 469 2967 plus
482 2913 571 2966 aequo
590 2907 632 2950 est
648 2897 738 2951 avida.
756 2897 841 2966 igitur
858 2897 1055 2951 animadvertas
1069 2915 1128 2952 esso
1143 2917 1209 2970 pro-

114 2967 214 3020 batum
231 2967 412 3037 complurium
432 2969 610 3031 auctoritate,
630 2984 687 3020 nou
709 2969 812 3036 eguisse
828 2967 961 3020 ridentum
978 2967 1007 3020 iu
1024 2970 1150 3038 paradiso
1169 2971 1209 3022 ci-

112 3038 153 3090 bo
171 3038 292 3108 quodam
311 3038 415 3090 sensili.
436 3039 539 3108 quippe
551 3055 612 3089 curu
632 3039 794 3091 immortalis
811 3054 827 3088 a
845 3037 897 3090 deo
916 3040 1041 3093 conditus
1059 3047 1146 3104 esset,
1168 3041 1208 3094 rei

112 3109 220 3162 nullius
240 3109 392 3177 indigebat.
423 3117 452 3160 et
478 3108 545 3178 quid
563 3107 631 3159 haee
652 3125 702 3178 ego
720 3109 852 3178 prolixius
872 3109 978 3162 tracto?
998 3111 1021 3162 si
1043 3111 1078 3163 ad
1097 3111 1208 3180 angelo-

111 3197 175 3232 rum
192 3179 401 3232 similitudinem
414 3180 444 3230 iu
461 3180 661 3230 resurreetione
680 3181 800 3232 victurus
819 3187 861 3232 est
873 3180 964 3246 homo,
977 3179 1207 3250 quemadmodum

110 3251 295 3320 perscriptum
325 3251 440 3319 legimus
469 3249 578 3321 (Matth.
600 3265 633 3300 aa
652 3250 698 3319 50)
731 3257 830 3314 „eruut
850 3268 943 3303 omnes
969 3260 1099 3324 tauquam
1117 3253 1206 3322 angeli

112 3322 193 3384 dei,’'
222 3331 251 3374 et
268 3338 332 3372 vero
361 3321 384 3373 si
410 3319 615 3373 resurrectionis
637 3318 800 3372 beneficium
825 3320 860 3372 de
886 3325 1022 3375 sententia
1051 3324 1206 3377 divinorum

109 3401 224 3462 patrum
242 3390 313 3444 nihil
333 3399 376 3444 est
393 3391 472 3443 aliud
489 3408 569 3460 σαωα
587 3392 725 3460 lapsorum
745 3391 780 3442 ad
797 3390 984 3444 condicionem
1002 3395 1143 3463 pristinam
1162 3411 1206 3446 re-

110 3464 233 3526 stitutio,
249 3461 369 3530 intelligi
379 3463 524 3532 perspieue
538 3462 767 3532 potestddamum
785 3471 849 3514 aute
863 3464 1100 3532 transgressionem
1120 3469 1204 3518 vitam

110 3534 254 3603 angelicae
280 3550 374 3602 parem
401 3534 505 3601 egisse,
527 3549 579 3585 nee
605 3531 667 3584 cibo
692 3549 743 3584 neo
765 3539 851 3601 potu,
872 3551 922 3584 ceu
942 3535 1076 3600 diximus,
1106 3553 1203 3601 usum,

109 3604 224 3675 quaudo
237 3603 306 3674 quid
316 3603 448 3657 eiusmodi
467 3621 519 3657 nec
535 3604 565 3656 iu
582 3603 685 3672 augelis
707 3603 794 3654 locum
810 3602 902 3656 habet.
924 3614 1090 3674 quapropter
1107 3607 1203 3658 existi.

108 3692 186 3726 mare
204 3676 264 3728 noli
279 3674 419 3727 hominem
437 3675 467 3728 in
484 3674 611 3746 paradiso
629 3674 724 3726 sensili
744 3675 910 3726 nutrimento
928 3691 957 3726 se
976 3677 1095 3741 satiasse,
1114 3693 1203 3746 quau-

109 3746 263 3816 doquidem
289 3747 357 3798 -istio
382 3762 415 3796 eo
433 3763 489 3798 nou
512 3744 655 3815 indigebat
680 3751 826 3814 propterea
854 3745 929 3815 quod
947 3747 1035 3798 omnis
1053 3756 1110 3798 tum
1125 3748 1203 3800 adfe-

107 3817 212 3870 ctionis
235 3824 307 3869 esset
325 3833 429 3885 expers.
448 3819 587 3869 enimvero
604 3817 742 3868 neminem
765 3814 816 3868 hac
837 3816 867 3866 iu
884 3825 962 3884 parte
982 3817 1119 3887 ambigere
1136 3835 1202 3870 con·
1228 3877 1236 3888 ,

105 3885 247 3942 seniebat
264 3905 328 3939 nasu
347 3904 408 3940 curu
426 3887 594 3940 adiectiones
611 3888 677 3938 illae
696 3886 843 3948 naturales,
862 3887 946 3938 sames
965 3889 1075 3959 iuquam
1095 3899 1123 3942 et
1140 3891 1200 3942 sitis

106 3969 141 4012 et
157 3958 283 4027 fatigatio
310 3965 340 4010 et
362 3974 472 4010 somnus
497 3969 526 4011 et
552 3958 631 4012 dolor
656 3966 684 4009 et
700 3973 807 4008 moeror
829 3965 857 4008 et
876 3966 1015 4022 caeterae,
1032 3968 1096 4028 post
1113 3968 1200 4012 trans-
1279 3989 1282 3998 =

104 4030 276 4101 gressionem
296 4029 411 4098 primurn
431 4031 516 4082 vitam
533 4029 678 4080 humanam
698 4028 855 4090 invaserint,
873 4035 905 4079 ut
924 4030 1057 4098 superiori
1076 4030 1199 4082 oratione

105 4101 268 4163 docuimus,
292 4108 368 4169 patet
391 4101 503 4152 omniuo
529 4108 593 4151 aute
624 4107 766 4169 peccatum
785 4097 922 4150 homiuem
945 4117 1042 4152 causae
1062 4101 1132 4152 nihil
1148 4101 1199 4150 ha-

103 4174 203 4229 baisse
209 4209 218 4236 ,
236 4186 309 4240 quae
327 4171 417 4241 ipsum
431 4171 467 4225 ad
490 4169 650 4224 sumendum
669 4169 800 4224 sensilem
817 4169 953 4241 quendam
974 4169 1068 4246 cibum
1082 4177 1196 4239 cogeret
