2742 4617
441 237 650 303 suuauuu
683 238 784 301 raus
817 240 842 299 ι.
964 228 969 235 ’
1125 210 1182 319 49

97 387 159 451 clai
178 390 239 453 τῶν
259 384 434 474 φωοιήριον
456 392 732 475 παρασήμείωσις)
752 388 809 455 ἐὰν
821 389 866 473 μή
880 411 929 466 τις
947 392 1029 474 πέρα
1048 390 1105 453 τοῦ
1122 392 1182 470 μί-

96 511 175 571 τρου
207 490 241 564 ἐξ
273 485 377 553 αὐτῶν
396 497 512 573 σημεῖα
540 488 790 574 ποριεργάζὴται.
830 485 929 571 πολλὰ
948 484 1085 572 μὲνγὰρ
1107 491 1183 571 περί

96 586 275 671 ἐπομβρίας
295 582 364 653 ἔστι
385 592 518 669 μαθεῖν,
544 584 643 655 πολλὰ
667 590 703 652 δὲ
722 586 797 671 περί
816 580 950 669 αὗχμῶν
968 591 1022 653 καί
1040 584 1180 666 πνευμά-

96 710 158 749 ιοον
178 686 330 769 κινήσεως
364 678 386 770 ἡ
407 686 547 771 μερικῶν
567 678 588 771 ἡ
615 686 774 768 καθόλου,
794 687 909 768 βιαίων
928 680 1106 767 ἀνειμένων.
1145 688 1213 751 ivl)

70 784 155 864 5²7¹‹i9
179 810 211 847 τι
231 783 367 849 reindui
385 788 441 849 rosi
461 784 552 868 ἡλίου
572 787 870 871 παραδεικνυμένοιν
890 788 945 849 καί
964 782 1101 868 ὅνιὶριος
1120 784 1181 849 ιται

92 884 233 964 ρὲιλαννιιν
263 878 367 965 ἡμῶν,
398 883 495 947 εἰσιών
528 877 578 947 ὅτι
612 881 734 965 χειμών
763 880 868 948 ἔσται·
920 880 1087 968 στυγνάζει
1118 882 1180 966 γὰρ

92 982 270 1065 ιιυρράζιον
303 979 318 1047 ὁ
355 976 502 1065 adnavit.
554 978 682 1047 tarenis
705 979 767 1066 γὰρ
788 985 829 1046 ds'
851 984 970 1065 α’χλίος
991 982 1012 1066 ἡ
1034 980 1180 1067 α’νοφοριὶ

90 1082 242 1163 γένηται,
275 1080 497 1161 α’μαυροῦνναι
519 1082 579 1163 μὲν
607 1078 641 1145 αἱ
662 1074 784 1159 α’κτῖνες
804 1086 862 1146 τοῦ
880 1082 994 1166 ἡλίου,
1015 1077 1181 1165 α’νθρακοί-

92 1182 151 1263 ιλής
175 1182 211 1245 δὲ
232 1184 291 1284 καὴ
308 1175 449 1266 ὕφαιμος
468 1176 525 1265 τήν
540 1178 642 1263 χρόαν
662 1178 797 1265 ὅροῑται,
817 1180 994 1265 παχύτητος
1010 1184 1068 1246 τοῦ
1088 1182 1182 1265 α’έρος

53 1277 215 1363 ιοῐαύτήν
244 1276 435 1365 ἐμποιούσης
466 1276 523 1364 τήν
552 1284 732 1365 φαντασίαν
761 1289 831 1357 ταῖς
860 1275 983 1363 ὄψεσιν.
1024 1277 1184 1345 ἀλλὰκαὶ

92 1374 225 1442 ἐπειδὰν
254 1374 406 1463 ἡσελήνή
426 1376 709 1463 σοριλιμνάζήται,
744 1371 765 1463 ἡ
795 1372 910 1456 ὕδατος
930 1379 1041 1461 ἂιριόυ
1060 1381 1181 1462 πλῆθος

92 1470 114 1558 ή
135 1477 231 1540 νότου
259 1478 368 1559 βιαίαν
391 1476 509 1561 κίνησιν
536 1480 766 1561 ἐπαγγέλλεται.
807 1482 863 1544 καί
883 1483 927 1567 τῷ
950 1474 1027 1566 ἡλίιρ
1049 1479 1084 1542 δὲ
1104 1472 1181 1542 ὅταν

91 1574 127 1641 ai
151 1572 317 1658 λεγόμεναι
338 1560 404 1666 ἅλῳ
425 1581 681 1663 περιγραφιόοιν,
703 1573 726 1662 ή
745 1583 800 1645 καί
819 1576 876 1651 odc
896 1575 1103 1659 ὀνομάζουσιν
1124 1579 1179 1644 ἄν·

90 1678 235 1759 θήλίους,
255 1670 331 1769 ὅταν
351 1680 638 1761 ουμπεριτρέχουσι
659 1679 695 1764 τῇ
714 1682 771 1743 τοῦ
794 1678 885 1762 ἡλίου
908 1681 1011 1766 φορᾷ,
1031 1701 1180 1759 συμπτω-

52 1774 201 1855 ιὸμιέτιον
221 1779 317 1841 τινῶν
339 1778 447 1859 καίρια
468 1782 583 1857 σημεῖα
603 1774 746 1859 γίνεται,
775 1774 882 1860 οἵσπερ
912 1770 968 1841 οὖν
989 1779 1043 1842 καί
1061 1774 1096 1842 αἶ
1119 1773 1259 1863 dri-Pali

90 1874 162 1953 βίοι
199 1871 235 1935 ai
257 1869 336 1937 aecci
358 1870 416 1954 τήν
430 1867 537 1955 ’χρόαν
567 1876 623 1957 οής
649 1872 750 1956 ἴριδος
787 1878 831 1949 εἰς
853 1873 952 1958 ὀρθὰν
971 1883 1037 1951 τοῖς
1054 1878 1181 1962 νέφεσιν

92 1972 330 2058 ἐμφαινόμεναι
361 1964 500 2057 ὄμβρους
535 1976 588 2037 καί
607 1976 769 2055 χειμῶνας
796 1975 953 2051 ἐξαισίους
984 1966 1105 2055 aldione
1124 1972 1181 2057 τήν

91 2072 146 2135 οἰιί
163 2077 309 2135 πλεῖστον
327 2069 510 2153 μεταβολήν
529 2074 588 2135 τοῦ
608 2072 702 2153 α’ἐρος
722 2072 925 2136 ἐνδείκνυται.
946 2069 1046 2137 πολλὰ
1070 2073 1105 2135 di
1128 2076 1184 2137 καί
1255 2150 1259 2157 ¹

93 2171 170 2253 περὶ
188 2168 319 2253 σελήνην
338 2172 553 2255 ου’ξσνομίνὴν
573 2164 595 2253 ἡ
614 2166 774 2253 λήγουσαν
793 2168 821 2233 oi
837 2169 956 2245 τούτοις
978 2166 1182 2253 ἕσχολακότες

49 2265 279 2353 οοτετήρήκασι
301 2265 473 2352 σήμειώιλή,
498 2264 541 2344 ὦς
559 2271 618 2332 τοῦ
638 2270 714 2353 περί
732 2270 791 2353 μήν
810 2268 902 2353 οἷέρος
921 2264 1096 2354 ἀναγκαίως
1115 2278 1180 2344 τοῖς

91 2368 254 2454 σχήμασιν
283 2361 382 2452 αὐτῆς
413 2368 773 2449 συμμεταβαλλομένου’
813 2366 910 2452 λειιτή
932 2365 1071 2452 μὲνγὰρ
1095 2361 1178 2434 οὖσα

49 2544 58 2559 ἢ
91 2466 169 2551 ιιερί
191 2463 248 2551 τήν
266 2468 373 2551 τρίτην
392 2461 513 2551 ἡμέραν
545 2466 601 2533 καί
619 2465 747 2553 καθαροὶ
769 2465 935 2553 σιαθὴροὶν
955 2468 1066 2532 εὐδίαν
1087 2490 1177 2532 κοτε-

91 2764 206 2835 profert.
228 2764 427 2821 observationes
450 2766 621 2820 luminarium
648 2769 683 2821 ad
703 2770 785 2821 ritem
816 2768 958 2819 humanam
989 2774 1054 2819 sunt
1081 2784 1175 2822 neces-

91 2838 194 2899 sariae,
225 2836 278 2887 nisi
310 2840 369 2908 quis
398 2838 467 2890 ultra
492 2837 600 2889 modum
624 2846 652 2891 et
682 2840 814 2892 curiosius
840 2854 921 2907 quam
947 2854 996 2907 par
1025 2838 1175 2891 siccorum

91 2912 165 2975 signa
191 2906 339 2976 perquirat.
368 2924 430 2959 nam
448 2907 533 2959 multa
559 2907 593 2961 de
621 2910 829 2979 tempestatibus
860 2909 958 2979 pluviis
983 2906 1047 2959 hine
1075 2924 1175 2977 cogno-

90 2994 163 3029 scere
181 2978 265 3041 licet,
297 2979 382 3031 multa
412 2978 447 3030 de
479 2980 628 3031 siccitatum
659 2989 855 3050 ventorumque
898 2979 1096 3039 concitatione,
1131 2978 1176 3029 vel

92 3048 293 3117 particularium
312 3048 356 3101 vel
374 3048 577 3111 universalium,
605 3050 647 3101 vel
668 3050 868 3103 vehementium
893 3050 937 3102 vel
954 3049 1066 3102 lenium.
1094 3049 1176 3099 nimi·

92 3136 147 3171 rum
177 3135 211 3170 ex
239 3119 274 3169 iis
309 3135 378 3189 quae
413 3120 455 3173 sol
484 3118 627 3173 ostendere
661 3122 815 3185 consuevit,
848 3138 931 3171 arnum
966 3120 1001 3171 ab
1031 3120 1090 3187 ipso
1125 3118 1176 3169 do⁴

91 3192 164 3240 mino
192 3189 325 3253 traditur,
352 3207 410 3241 cum
437 3192 476 3241 ait
499 3190 605 3255 (llattli.
631 3192 660 3243 16
681 3193 708 3249 31
731 3198 894 3261 „tempestas
920 3191 985 3252 erit,
1014 3191 1079 3259 quia
1097 3190 1174 3241 trista

92 3260 170 3312 rubet
186 3260 319 3311 coelum.”
343 3278 403 3313 cum
423 3262 494 3313 enim
512 3260 697 3314 exhalationes
720 3262 836 3332 quadarn
855 3278 914 3312 cum
935 3260 1050 3327 caligine
1070 3276 1174 3311 sursum

91 3330 223 3395 tendunt,
241 3331 420 3383 obscurantur
439 3330 509 3383 radii
526 3332 607 3395 solis,
625 3348 657 3382 ac
676 3332 718 3383 sol
738 3334 796 3402 ipse
815 3332 939 3383 carbonis
956 3333 1041 3383 imtar
1059 3330 1174 3381 rutilans

92 3401 271 3471 sanguinique
290 3402 437 3454 consimilis
452 3410 578 3473 apparet,
597 3403 713 3471 speciem
729 3402 800 3455 hanc
819 3404 849 3456 in
868 3402 954 3453 oculis
973 3400 1110 3451 efficiente
1127 3406 1175 3453 aie·

92 3472 124 3521 ris
141 3472 273 3525 crassitie.
303 3474 340 3525 sic
359 3472 466 3543 quoties
487 3473 553 3525 luna
571 3472 723 3541 caliginosis
742 3475 776 3526 ab
797 3472 955 3525 humoribus
976 3469 1174 3534 circumdatur,

91 3540 132 3593 vel
149 3559 237 3612 aquae
256 3541 365 3611 pluviae
385 3545 489 3613 copiam
511 3544 541 3595 in
564 3550 626 3597 atre
643 3543 687 3595 vel
705 3545 786 3597 austri
804 3543 1011 3597 commotionem
1027 3539 1174 3593 vehemen-

91 3620 143 3661 tem
161 3615 288 3665 minatur.
316 3612 400 3665 solem
424 3631 483 3664 cum
510 3630 588 3666 areae
613 3618 692 3683 (quas
713 3616 819 3687 vocant)
837 3613 977 3674 ambiunt,
996 3610 1173 3664 accidentium

91 3682 259 3751 quomndam
284 3685 354 3737 atris
377 3686 451 3753 signa
470 3684 595 3737 existunt
623 3683 720 3736 itidem
744 3686 832 3754 virgas
857 3700 926 3754 quae
950 3680 1029 3735 Iridis
1054 3683 1173 3735 colorem

91 3752 224 3805 imitantes
252 3754 282 3805 in
314 3754 433 3806 nubibus
465 3764 553 3807 rectae
587 3754 803 3824 conspiciuntur,
834 3756 933 3807 imbres
966 3770 998 3804 ac
1028 3762 1174 3824 tempesta·

90 3832 130 3873 tes
167 3824 308 3877 immensas
342 3826 386 3877 cel
417 3826 527 3878 omnino
560 3828 740 3879 mutationem
770 3826 839 3879 atris
871 3824 1028 3876 diuturnum
1061 3834 1174 3896 porten-

91 3892 165 3947 dunt.
185 3896 270 3948 multa
295 3905 403 3965 praeter
425 3896 493 3947 haec
519 3896 546 3948 in
567 3904 727 3965 augescente
746 3896 792 3947 vel
808 3895 979 3947 decrescente
997 3894 1061 3946 luna
1079 3894 1174 3947 obaer-

90 3975 186 4018 camnt
203 3966 299 4018 harum
317 3983 406 4019 rerum
422 3966 551 4031 studiosi,
567 3964 601 4017 de
618 3964 717 4036 quibus
739 3966 830 4033 colligi
844 3963 974 4035 quaedam
992 3964 1092 4026 indicia
1109 3979 1175 4033 pos-

92 4044 166 4101 sunt,
184 4036 260 4108 quod
283 4054 343 4089 curn
365 4038 422 4089 eius
448 4036 543 4091 sideris
564 4037 655 4088 formis
680 4042 728 4089 aitr
744 4052 854 4105 quoque
877 4044 962 4088 terrae
980 4037 1083 4087 vicinus
1098 4050 1173 4085 com-

93 4116 218 4161 mutetur.
234 4125 299 4161 nam
317 4109 340 4162 si
356 4108 446 4165 tenuia
465 4124 586 4181 puraque
603 4108 639 4163 sit
657 4107 702 4161 die
720 4108 819 4174 tertio,
839 4108 1011 4161 serenitatem
1022 4102 1172 4157 durabilem

131 4271 136 4295 Ι
156 4220 267 4289 Glycon.
966 4218 982 4281 l
