2742 4617
187 240 242 329 32
272 311 275 323 .
528 258 745 329 ultumas
773 258 938 329 οιτοιο

186 422 241 485 κατ’
267 416 465 503 μαρτυροῦσι
491 413 636 505 τῷλόγῳ
657 414 698 481 τά
724 415 858 499 μέγιστα
879 416 941 479 νῦν
960 409 1065 499 δρῦν,
1085 408 1108 475 ό
1126 435 1159 479 τε
1178 413 1274 479 Κοά-

186 541 301 599 κασος,
329 512 582 599 όΠιιρνασσός,
616 516 635 601 ἦ
662 516 820 601 Πυρὴνη,
841 513 896 579 καὶ
915 506 973 578 όσοι
993 512 1144 579 τοιαῦτα·
1185 516 1275 597 μέγι-

187 638 257 681 στοι
277 613 337 699 γάρ
359 614 478 677 έκεῖθεν
498 612 610 700 ῥέουσι
629 612 765 693 ποταμοῦ
784 611 841 689 τὰς
861 611 963 698 όρχάς
984 608 1107 695 ἔχοντες
1126 610 1190 676 οἷπό
1211 618 1275 676 τῶν

187 713 334 797 μεγάλων
353 718 470 797 πηροῦν.
519 714 574 777 καί
604 719 639 777 τί
651 712 715 797 χρη
740 712 840 777 πολλὰ
860 714 960 796 λέγειν
971 738 982 792 ,·
1000 711 1103 797 πάσης
1125 716 1276 793 ποταμῶν

157 816 315 901 Βρῦσεως
335 812 390 877 κοιλ
408 808 604 894 άμπιότιδος,
625 816 680 876 καί
701 814 765 877 τεόν
785 806 846 878 όσοι
867 809 1006 899 φυσικάς
1027 808 1093 895 ἔχει
1113 809 1172 907 τάς
1190 811 1304 897 κενά-5

189 937 255 989 οεις
275 916 330 977 κατ’
347 908 405 986 τάς
428 908 552 995 α’ρχάς,
573 914 699 977 πάντων
722 908 822 987 αἴτιος
842 910 859 975 ό
884 906 971 997 ἥλιός
987 914 1071 994 ε’στι,
1090 910 1177 996 παρά
1196 917 1278 977 θεοῦ

189 1010 249 1095 την
269 1012 452 1101 παντοδαπῇ
471 1006 590 1094 ταῦτην
611 1009 718 1093 λαβών
741 1011 908 1095 ἐνέργειαν.
949 1007 1009 1095 όρα
1030 1010 1088 1096 γάρ
1110 1004 1159 1076 ότι
1178 1036 1277 1097 ovas.

189 1114 228 1199 κη’
248 1109 383 1191 δυνάμει
417 1112 472 1173 κατ’
491 1110 656 1199 περιουσίᾳ
689 1110 884 1195 θερμότητος
910 1104 1050 1185 έλκτικός
1077 1112 1146 1176 έοτι
1168 1116 1223 1195 τῆς
1244 1114 1278 1176 έν

190 1215 236 1299 trgi
254 1206 352 1293 βάθει
375 1204 555 1293 ὑγρότητος.
576 1202 651 1275 όθεν
679 1204 774 1293 ἔαρος
793 1212 848 1273 καί
866 1214 982 1299 θέρους
1001 1210 1182 1295 πλησιάζων
1202 1210 1278 1295 ἡμῖν

190 1310 311 1375 ἀνέλκει
334 1308 392 1391 την
413 1308 446 1371 έν
464 1316 528 1382 τοῖς
550 1310 692 1391 δένδροις
709 1306 827 1389 ἰκμάδα
849 1311 905 1375 καί
925 1306 1066 1395 ἔγκαρπα
1086 1314 1185 1375 ταῦτα
1206 1336 1276 1375 ποι·
1290 1338 1326 1381 ιο

191 1416 230 1472 εἴ.
272 1408 373 1472 αῦτοῦ
404 1404 437 1472 τό
457 1408 571 1493 θέρος,
603 1401 702 1473 πῦτσῦ
719 1405 755 1473 τό
783 1405 967 1494 μετόπωρον
985 1404 1004 1473 ό
1025 1433 1060 1477 τε
1079 1408 1204 1494 χειμάν
1223 1412 1280 1476 καί

191 1506 232 1572 τά
253 1504 357 1574 λοιπά.

268 1604 307 1670 Ὁ
325 1607 433 1685 μέντοι
456 1610 585 1685 Νεῖλος,
610 1606 764 1692 άγοιπητέ,
781 1605 867 1674 κοινά
885 1606 942 1693 τήν
962 1609 1090 1693 θερινὴν
1110 1604 1199 1695 κόραν
1219 1600 1280 1674 αῦ-

165 1710 167 1715 ’
192 1708 297 1785 ξεται·
344 1703 459 1781 παντός
478 1704 540 1791 γάρ
574 1709 690 1793 νέφους
720 1704 773 1771 ῦπ’
803 1708 927 1789 άνέμιυν
954 1710 1162 1789 ἐλαυνομένου
1183 1714 1279 1796 μέχρι

191 1806 248 1889 τῆς
267 1808 459 1887 κεκαυμένης
480 1800 596 1889 ζώνης,
619 1806 787 1871 κόντεῦθεν
807 1807 903 1871 όετοῦ
922 1806 1040 1890 λάβρον
1062 1803 1253 1894 ῥηγνυμένου
1269 1814 1329 1893 ‚15

194 1904 328 1987 σ’ργάται
350 1910 467 1979 Νεῖλος
500 1908 554 1968 καί
587 1902 729 1987 ποταμός
751 1900 832 1971 εἶναι
862 1910 920 1970 οῦκ
941 1906 1102 1991 ἀνέχεται·
1144 1909 1200 1994 τῆς
1219 1905 1279 1995 γάρ

194 2004 310 2079 οἱκειός
344 1996 444 2089 όχθης
475 2004 637 2087 έξέρχετοι
669 2002 726 2067 sai
749 2009 1010 2087 καταθαλαττέζει
1030 2005 1087 2093 την
1106 2006 1282 2092 Αἴγυπτον.

111 2112 140 2167 Ρ.
154 2100 249 2182 17καί
267 2102 385 2184 γλοκῦς
413 2106 471 2185 μέν
511 2102 526 2165 ό
550 2108 667 2179 Νεῖλος
688 2107 738 2190 (ἐξ
756 2096 885 2191 ῦμβρισν
904 2104 980 2190 γάρ)
996 2156 1006 2190 ,
1024 2104 1159 2193 χλιαρός
1179 2110 1215 2172 δέ
1238 2108 1283 2186 ὥς

192 2204 228 2267 ἐκ
249 2202 444 2287 θερμότητος
477 2202 658 2287 άρξόμενος.
711 2202 790 2268 κατά
811 2208 904 2269 τοῦτο
927 2208 981 2271 καὶ
997 2200 1102 2292 αῦρας
1125 2210 1183 2272 οῦκ
1205 2209 1281 2273 άνα·

1330 498 1347 525 Q

192 2302 340 2379 δεδιόσιν,
365 2299 410 2375 ὥς
429 2296 458 2363 οἱ
487 2298 593 2365 λοιποὶ
620 2300 777 2383 ποταμοί·
820 2307 883 2369 τῶν
902 2303 964 2389 γάρ
987 2308 1090 2395 νεφῶν
1111 2309 1330 2389 έλαυνομέ-οο

191 2422 274 2480 νων,
307 2398 350 2474 ιδς
371 2394 513 2485 εἴρηται,
546 2399 608 2463 άπὸ
642 2404 705 2465 τῶν
732 2402 862 2487 έτηοόων
892 2404 1030 2488 άνέμιον,
1051 2406 1071 2491 ἦ
1094 2407 1280 2491 έμπεριεχο.

192 2501 271 2582 μένη
299 2498 420 2573 τούτοις
458 2498 550 2581 άτμός
580 2498 641 2563 ῦπό
664 2504 723 2565 τοῦ
740 2498 820 2564 κατά
849 2498 965 2577 τόπους
986 2504 1153 2589 πυρώδους
1172 2501 1281 2572 άπασοι

193 2596 415 2683 έξικμάζεται,
435 2598 489 2664 καί
508 2597 623 2665 τοῦτου
643 2598 743 2687 χάριν
762 2599 904 2679 όΝεῖλος
925 2594 1028 2689 αῦρας
1048 2604 1103 2669 οῦκ
1125 2604 1280 2671 άυαδέδα·

196 2886 301 2933 montes
318 2878 398 2947 louge
415 2879 523 2931 maximi
541 2884 681 2942 testantur,
698 2878 823 2931 nimirum
835 2878 980 2945 (ἔκτακτοι,
997 2879 1154 2945 Parnassus,
1170 2880 1280 2947 Pyrene,

197 2950 310 3003 caeteri:
329 2966 389 3001 nam
410 2968 442 3001 ex
464 2952 502 3002 eis
517 2966 607 3001 munes
625 2950 780 3019 amplissimi
815 2961 962 3015 remanant,
981 2950 1014 3003 de
1031 2952 1132 3019 magnis
1150 2952 1203 3003 orti
1218 2952 1282 3003 iou-

197 3021 278 3072 tibus.
306 3029 335 3071 et
365 3020 429 3089 quid
451 3020 501 3071 hac
523 3018 557 3072 sle
583 3036 611 3071 re
629 3021 759 3088 prolixius
788 2969 882 3074 όλιτεεί
898 3040 966 3093 opus
984 3022 1043 3075 est?
1060 3022 1145 3076 omnis
1163 3024 1281 3075 amnium

197 3092 332 3151 fluxionis,
352 3092 437 3142 omnis
456 3092 680 3161 reciprocationis,
699 3093 863 3163 aliarumque
881 3110 967 3144 rerum
985 3092 1118 3146 iniuriis
1136 3110 1204 3161 quae
1222 3112 1282 3144 mo-

197 3170 241 3213 tus
261 3172 289 3213 et
308 3178 399 3213 causas
424 3162 558 3215 naturales
578 3160 696 3225 habent,
721 3164 763 3215 sol
786 3172 878 3216 auctor
901 3174 958 3228 est,
983 3182 998 3213 a
1024 3163 1076 3215 deo
1094 3164 1281 3216 efficacit-'stem

198 3230 268 3283 hauc
288 3232 454 3299 omnigenam
476 3242 643 3285 consecutus.
661 3234 710 3283 ille
730 3235 845 3287 naturali
858 3234 972 3305 quadam
989 3234 1014 3285 vi
1032 3234 1215 3303 facultateque
1234 3252 1282 3285 sua

96 3346 101 3353 .
199 3310 228 3353 et
246 3304 339 3354 caloris
358 3302 523 3354 abundantia
541 3302 665 3355 turmores
681 3304 747 3356 imos
764 3323 928 3357 commovere
940 3313 1038 3375 potest.
1053 3322 1107 3375 quo
1127 3306 1158 3357 fit
1175 3313 1206 3357 ut
1221 3321 1283 3356 ver·

199 3390 235 3424 no
258 3374 412 3442 aestivoque
437 3382 556 3443 tempore
574 3376 684 3445 propius
699 3373 733 3427 ad
750 3394 800 3428 nos
826 3374 955 3428 accedens
975 3392 1081 3428 succum
1098 3376 1126 3425 iu
1143 3373 1282 3427 arboribus

198 3460 303 3565 {rusum
335 3443 442 3508 trahat,
470 3460 570 3514 easque
596 3445 736 3515 frugiferas
755 3446 858 3499 reddat
877 3448 933 3499 eius
952 3455 993 3501 est
1010 3454 1112 3512 aestas,
1129 3454 1283 3511 autumnus,

218 3532 293 3567 rems.

270 3586 325 3637 Nili
349 3585 512 3637 incrementa
537 3601 586 3655 per
603 3595 733 3641 aestatem
755 3588 831 3641 fiunt.
852 3589 956 3659 quippe
974 3596 1031 3642 tum
1050 3586 1137 3640 nubes
1156 3603 1247 3639 omues
1266 3603 1282 3639 a

198 3658 286 3707 ventis
307 3655 340 3705 ad
365 3655 490 3709 torridam
513 3673 598 3726 usque
616 3676 709 3712 zonam
737 3658 895 3729 abiguntur,
914 3658 962 3711 ubi
978 3658 1140 3711 vehemente
1157 3658 1282 3727 eopiosa-

200 3740 254 3795 que
282 3726 372 3794 pluvia
398 3726 507 3797 delapsa
538 3731 664 3797 turgescit
681 3728 777 3795 Nilus,
805 3747 855 3782 uec
873 3748 901 3782 se
914 3749 962 3800 pro
979 3731 1088 3783 flumine
1106 3729 1199 3781 haberi
1220 3728 1283 3781 vult

200 3795 323 3863 amplius.
347 3814 408 3849 nam
435 3800 505 3868 ripas
530 3816 590 3849 suas
615 3800 769 3869 egreditur,
795 3810 822 3853 et
839 3803 989 3871 Aegyptum
1008 3800 1188 3854 exundatione
1204 3800 1282 3869 quasi

200 3865 302 3917 marina
318 3867 431 3935 quadam
456 3868 552 3939 operit
577 3877 604 3921 et
624 3872 710 3922 dulcis
727 3870 775 3921 iile
793 3871 902 3941 quidem
920 3882 976 3937 est,
1003 3880 1132 3940 tauquam
1149 3890 1165 3923 a
1181 3870 1284 3940 pluviis

126 4000 130 4005 Ι
201 3944 291 3999 onus,
313 3936 360 3987 sed
378 3938 492 4007 tepidus,
514 3941 554 3992 uti
572 3942 646 3994 cuius
665 3942 699 3993 ab
719 3949 796 3994 aestu
814 3943 851 3994 sit
868 3944 1036 4013 principium.
1054 3941 1148 3995 eadem
1166 3941 1201 3993 δε
1219 3959 1285 3991 cau-

202 4023 230 4058 sa
252 4006 415 4075 reliquorum
444 4012 560 4062 amnium
585 4028 659 4065 more
677 4013 766 4065 nullas
789 4030 865 4065 auras
884 4014 1004 4084 praebet.
1023 4030 1085 4063 uam
1103 4030 1162 4065 cum
1179 4010 1283 4073 nubes,

200 4084 231 4127 ut
247 4086 326 4129 antea
345 4076 476 4141 diximus,
496 4100 510 4131 a
528 4083 614 4134 ventis
633 4084 817 4135 anniversariis
836 4084 992 4153 abigantur,
1010 4101 1092 4154 vapor
1112 4084 1198 4135 omnis
1216 4083 1286 4131 resi·

206 4146 276 4201 duas
293 4146 327 4199 ab
346 4164 437 4200 eorum
456 4149 575 4201 locorum
593 4161 668 4205 aestu
686 4155 863 4222 consumitur5
881 4172 950 4225 quae
967 4159 1035 4213 ratio
1052 4163 1094 4208 est
1107 4151 1284 4232 Oquamobrem
