2742 4617
477 190 692 257 luctuum
721 194 823 255 eins
837 196 891 257 iv.
1121 162 1206 279 487

116 336 313 423 Μαρκιανόν
345 342 402 406 κατ’
429 338 465 404 τό
494 344 548 425 τῆς
580 345 745 423 βασιλείας
764 342 879 427 στέφος
898 340 989 427 αύτῷ
1007 341 1208 426 περιτίθησι,

109 446 262 525 ιφρικτοϊς
287 436 383 505 αύτόν
401 438 553 525 πρότερον
574 434 681 523 ὅρκοις
702 438 969 523 καταδεσμησασα
989 441 1046 503 τού
1067 438 1208 527 φυλάξαι

88 540 203 625 ,αιῖτῇ
223 536 281 621 τόν
303 538 431 620 όγνεόαν
450 540 679 623 αἰλιαλιύβητον.
722 532 816 615 οὗτος
835 531 964 620 μὲνοῦν
986 538 1209 623 όΜαρκιανός
1248 594 1263 623 ,

113 643 214 721 πένης
234 632 283 721 η’ν,
303 636 384 701 α’λλά
402 638 539 723 χρηστός
558 639 633 714 τούς
654 633 803 724 τρόπους.
846 631 935 715 ούτος
949 636 1144 724 στρατιώτης
1165 634 1242 705 viel)

84 737 165 811 δεός
186 738 388 819 ἐκστρατείαν
416 740 517 821 άπῆρό
540 761 632 817 ποτε,
665 734 721 802 καί
738 741 810 801 καθ’
834 735 908 801 όιλόν
927 736 1118 803 ύπνοόσαντα
1137 740 1211 803 τού-

115 857 175 900 του
197 830 282 899 εἶδον
307 836 337 899 οἱ
364 836 617 918 συγκυιμιάμενυι
644 839 735 925 αύτῷ
755 832 909 918 πρότερον
933 835 1124 911 ἀναστάντες
1145 835 1208 899 ont

115 931 281 1017 πτερύγων
302 933 400 998 αἰετοῦ
422 936 623 1016 σκεπόμενον.
666 934 748 999 α’λλά
780 935 837 999 καί
855 932 935 1000 κατὰ
957 936 988 1000 Γ
986 933 1126 1020 ιζερόχου
1149 939 1211 999 τού

116 1037 184 1097 τεόν
201 1032 337 1115 Λιβύων
358 1028 510 1117 άρχοντος
530 1037 714 1117 ε’κστρατεία
735 1034 872 1119 γίνεται,
894 1038 928 1101 ἐν
949 1027 971 1123 ᾗ
990 1031 1045 1100 κατ’
1067 1032 1085 1097 ό
1108 1038 1210 1118 Μαρ-

119 1129 228 1207 κιανός
248 1130 353 1197 αυνιόν
383 1130 585 1215 αἰχμάλωτος
613 1128 735 1217 άγεται.
787 1131 804 1198 ό
833 1140 911 1217 γοῦν
931 1137 963 1198 Γ
960 1135 1096 1218 ιζερόχος
1131 1136 1211 1199 ἰδεῖν

69 1227 198 1306 :orode
225 1228 448 1313 αἰχμαλώτους
466 1233 604 1317 θελήσας
632 1229 693 1319 εἶφ’
708 1233 839 1319 ύψηλού
857 1232 979 1308 τούτοις
998 1233 1208 1316 ἐπεσκόπηκε,

115 1332 177 1394 κατ’
197 1328 235 1415 δὴ
259 1328 313 1394 τόν
334 1333 526 1413 Μιῳκιανόν
547 1332 706 1397 ύπνοῦντα
734 1332 795 1421 όρᾷ
822 1333 879 1397 καὶ
908 1336 999 1408 σκιᾶς
1029 1330 1091 1396 ont
1116 1326 1211 1395 άετοῦ

119 1430 332 1494 α’πολαύοντα.
354 1427 513 1511 θαυμάζει
531 1430 565 1495 τό
585 1432 725 1517 πρᾶγμα,
748 1438 836 1497 θεῖον
857 1426 940 1497 εἶναι
961 1436 1059 1515 κρίνει
1078 1426 1133 1495 τόν
1152 1424 1212 1494 όν·

120 1530 184 1609 δρα
205 1531 259 1591 κατ’
271 1530 328 1593 τού
348 1531 410 1594 τῶν
425 1529 589 1611 Ῥωμαίων
603 1530 736 1617 κράτους
755 1526 854 1610 άξιον.
879 1527 1019 1594 tenuat
1039 1528 1101 1612 οόχ
1122 1525 1211 1594 όσιον

121 1625 226 1710 ἔκρινε
248 1630 389 1693 τοιοῦτον
410 1622 512 1713 ἄνδρα
534 1640 670 1712 κτεῖναι,
698 1632 952 1715 προβεβλημένον
981 1631 1026 1705 εἷς
1043 1631 1210 1713 βασιλειάς

76 1722 208 1808 ιὸύψος
241 1720 381 1810 ἄνωθεν,
413 1724 493 1793 (illd
521 1734 576 1794 καί
595 1731 673 1817 τιμᾷ
691 1734 747 1795 κατ’
773 1729 924 1810 ἱκετεύει,
944 1726 1007 1811 εἴγε
1028 1726 1306 1813 κρατησειε,ν.τ63

123 1825 168 1911 μὴ
187 1828 294 1912 μάχην
314 1830 524 1912 συγκροτῆται
545 1840 608 1906 τοῖς
623 1830 776 1912 Λιβυσιν.
820 1827 991 1893 α’πολύεται
1011 1824 1068 1892 οὖν
1091 1831 1211 1892 ἐκεῖθεν

123 1925 180 1990 κατ’
208 1924 288 2011 πρός
306 1950 342 2010 γε
368 1924 426 2010 τη“ν
454 1928 663 2009 μεγαλόπολιν
683 1928 825 2011 ἔρχεται.
878 1930 1009 2014 τελευτᾷ
1029 1925 1084 1991 τόν
1102 1923 1210 2007 βόονό

126 2024 316 2104 Θεοδόσιος,
353 2030 408 2091 καί
439 2030 539 2111 κράσει
570 2031 623 2111 τῆς
644 2029 850 2110 Πουλχερίας
879 2025 1030 2110 βασιλεύς
1044 2023 1212 2105 Ῥωμαίων

122 2122 361 2209 ἀναγορεύεται.
410 2124 478 2190 τότε
502 2123 541 2210 ‘ld
574 2128 642 2192 τότε
666 2133 721 2191 και·
742 2129 830 2190 λίθοι
859 2136 944 2210 τρεῖς
964 2125 1075 2190 ἔπεσον
1096 2126 1131 2189 ἐκ
1152 2127 1211 2188 τοῦ

76 2222 264 2309 αοοόρανοῡ
287 2230 510 2307 παμμεγέθεις.
554 2220 644 2304 οὗτος
667 2229 810 2293 ἐκέλευσε
826 2224 870 2311 μή
891 2230 1037 2310 γίνεσθαι
1055 2217 1210 2312 ἄρχοντας

122 2321 179 2387 ἐπὶ
200 2320 288 2407 donar
306 2324 516 2407 νομισμάτων.

201 2476 239 2526 15.
258 2477 314 2527 eir!
332 2476 360 2531 P.

128 2612 192 2649 num
214 2595 333 2657 arcessit,
353 2596 437 2647 virum
455 2598 565 2649 omnino
584 2598 749 2667 religiosum,
768 2598 850 2669 eique
870 2612 996 2649 eoronam
1012 2592 1210 2665 imperatoriam

129 2666 260 2735 imponit,
278 2660 419 2717 horrendis
447 2668 560 2736 primum
577 2671 751 2722 sacramentis
767 2668 942 2730 obstrictum,
967 2665 1065 2738 quibus
1084 2682 1113 2717 se
1130 2665 1211 2717 casti-

128 2746 211 2791 tatcm
230 2737 314 2805 ipsius
332 2737 500 2807 impollutam
520 2749 735 2792 conservaturum
751 2740 935 2811 polliceretur.
954 2736 1043 2789 luerat
1060 2736 1125 2787 olim
1141 2752 1211 2805 pau·

127 2824 177 2881 per
195 2808 363 2870 Marcianus,
390 2806 439 2859 scd
468 2812 573 2877 egregia
593 2810 733 2879 praeditus
758 2808 852 2866 indole
879 2826 910 2862 ac
937 2806 1064 2861 moribus.
1096 2823 1155 2856 cum
1176 2821 1211 2855 ue

128 2878 204 2931 miles
224 2886 310 2942 esset,
340 2878 409 2929 forto
438 2880 573 2947 quandam
600 2880 634 2931 ad
654 2881 853 2951 expeditionem
877 2898 908 2933 se
925 2876 1091 2931 conserebat
1111 2877 1141 2926 in
1157 2824 1212 2926 ion

129 2950 226 3001 itinere
250 2966 309 2999 cum
339 2950 492 3018 consopitus
516 2950 663 3021 aliquando
687 2962 774 3017 esset,
797 2954 818 3005 ii
844 2952 891 3023 qui
913 2967 972 3002 cum
1002 2966 1034 3001 eo
1060 2944 1212 3009 cubabant,

129 3021 208 3071 cilius
239 3022 387 3089 experrecti
406 3021 524 3089 aquilam
551 3018 653 3073 homini
673 3025 728 3074 suis
749 3024 798 3075 alis
816 3022 937 3074 umbram
962 3019 1091 3089 praebere
1110 3016 1211 3067 rident.

129 3090 222 3143 itidem
240 3109 299 3141 curn
319 3090 444 3142 adversus
459 3090 628 3143 Gizerichum
645 3092 748 3159 Libyae
767 3094 916 3163 principem
934 3090 1073 3161 expeditio
1091 3087 1213 3156 suscipe-

130 3172 219 3225 retur,
235 3161 333 3213 accidit
348 3170 378 3212 ut
401 3160 553 3214 Marcianus
584 3164 741 3215 interritos
760 3162 879 3218 hostium
905 3165 933 3215 in
951 3169 1114 3232 potestatem
1134 3159 1214 3209 veni-

131 3240 180 3284 ret.
198 3233 289 3303 itaque
310 3232 466 3284 Gizerichus
484 3235 603 3303 captivos
630 3234 763 3303 inspicere
788 3237 883 3286 volens
902 3253 935 3286 ex
960 3232 1069 3283 sublimi
1095 3228 1212 3298 quodam

130 3302 191 3355 loco
211 3319 256 3354 cos
273 3303 434 3355 intuebatur.
454 3304 514 3355 heic
532 3304 696 3356 Marcianum
720 3308 889 3375 consopitum
907 3321 1020 3357 cernens
1039 3321 1055 3352 u
1085 3300 1132 3351 bra
1151 3300 1213 3359 frui,

132 3390 211 3444 quarn
232 3374 354 3443 expansio
373 3374 422 3425 alis
443 3377 467 3427 ei
486 3374 672 3444 suppeditaret
690 3376 799 3445 aquila,
818 3393 873 3429 rem
893 3395 941 3445 pro
959 3320 1088 3426 miracuil
1108 3370 1213 3427 habuit,

132 3461 248 3514 eumque
270 3445 355 3495 virum
382 3445 503 3497 divinum
537 3462 595 3496 esse
618 3444 751 3498 iudicarit
777 3456 805 3499 et
820 3448 933 3517 imperio
954 3448 1071 3497 Romano
1094 3441 1214 3509 dignum.

132 3513 296 3587 quiproptcr
315 3515 398 3585 impie
422 3532 451 3567 se
477 3517 607 3567 facturum
628 3516 791 3580 arbitratus,
820 3520 844 3570 si
862 3519 946 3568 virum
965 3518 1045 3569 talem
1064 3511 1215 3572 occideret,

131 3588 178 3656 qui
198 3587 309 3637 caelitus
327 3586 361 3637 ad
380 3586 486 3656 imperii
515 3584 713 3639 sublimitatem
730 3587 880 3641 destinatus
899 3598 988 3652 esset,
1007 3589 1087 3638 etiam
1105 3582 1217 3635 honori-

130 3656 181 3709 bus
201 3656 335 3708 arliectum
356 3658 457 3727 rogavit
475 3666 506 3709 ut
523 3657 545 3709 si
584 3658 674 3710 uando
713 3660 827 3711 otiretur
848 3658 980 3728 imperio,
998 3658 1103 3709 bellum
1121 3653 1218 3705 adrer-

133 3746 177 3781 sus
197 3727 295 3794 Libyas
314 3744 369 3779 non
395 3730 552 3801 susciperet
564 3674 623 3781 loc
647 3676 728 3781 modo
746 3729 873 3782 libertate
901 3731 1023 3781 restituta
1040 3743 1164 3795 magnam
1183 3722 1218 3773 ad

131 3798 224 3849 urbem
244 3796 314 3849 hanc
332 3815 453 3851 reversus
471 3808 519 3853 est.
540 3798 604 3851 inde
625 3798 783 3853 Theodosio
806 3796 1157 3863 riusunct0‚1³ulcberiae
1177 3795 1220 3845 iu-

132 3868 219 3932 dicio,
237 3886 287 3921 ceu
312 3868 437 3935 diximnr,
445 3872 624 3925 Romanorum
642 3872 791 3942 imperator
808 3879 850 3925 est
874 3871 1035 3941 appellatus.
1050 3886 1083 3919 eo
1097 3877 1220 3935 tempore

131 3947 184 3992 tres
209 3940 326 4009 ingentis
346 3942 537 4010 magnitudinis
562 3940 667 4011 lapides
689 3959 704 3993 e
725 3941 801 3994 caelo
827 3950 892 3994 sunt
912 3941 1025 4010 delapsi.
1044 3940 1132 4007 legem
1148 3937 1218 3989 Mar·

133 4012 224 4063 cianus
243 4011 322 4073 tulit,
343 4028 397 4083 qua
416 4010 503 4069 edixit
528 4029 561 4066 ne
584 4014 646 4086 quis
662 4014 848 4085 magistratum
864 4029 915 4084 per
936 4012 1107 4083 largitionem
1126 4022 1223 4065 conee-

133 4083 179 4153 qui
197 4091 318 4135 conetur.
