2742 4617
427 261 640 326 iuuenum
669 263 776 330 rsus
807 268 864 330 nr.
1083 239 1172 340 dri

78 412 132 482 ὅτι
166 414 235 478 κατ’
275 414 392 478 ἐκεῖνον
420 408 535 495 καιρὸν
554 409 704 499 αροῆχθη
725 415 771 490 εἰς
791 415 900 502 point}
923 417 967 506 τῆ
988 413 1066 484 κατά
1085 419 1171 502 Χρι-

78 520 157 581 στο’ν
170 513 334 600 μυστηρίῳ
355 505 579 595 ὑπηρετοῦσα,
598 507 644 587 ὥς
664 509 683 576 o‘
704 518 803 595 μέγας
824 513 887 602 ἔφη
906 517 1093 600 Βασιλειος,
1120 511 1170 584 ὅτι

78 617 137 697 τῆς
162 614 275 687 κακίας
305 610 325 695 ῆ
347 608 460 690 νόσος,
488 607 533 684 ὥς
553 606 570 674 o‘
591 609 765 688 Νυσσαεάς
786 610 848 698 ἔφη
868 619 957 690 θεῖος
978 619 1009 680 Γ
1008 614 1170 701 ρηγόριος,

79 715 256 796 τηνικαῦτα
275 707 495 795 τισρῆκμαζεν,
517 706 538 792 ’l
563 710 707 795 α’ρχῆθεν
728 708 915 797 ἐνσκῆψασα
937 717 977 800 τῇ
1001 714 1172 802 palustris

47 805 335 896 ὅάνθραιτιάτητος,
366 803 416 874 ὅτι
446 805 488 873 τά
509 805 589 898 ἔθνη
606 811 786 891 καλούμενα
804 806 871 876 τάτε
889 813 1060 880 πείθεσθαι
1080 811 1171 897 ἔμελ-

77 917 155 976 λον·
201 910 258 974 καὶ
283 906 377 974 τοῦτο’
407 912 493 976 ε’στιν
519 903 594 995 ὅπερ
629 907 839 995 άσάμμεγας
861 909 947 996 ἔλεγε
967 916 1102 992 Παῦλος
1121 908 1172 981 ὅτι

78 1007 135 1074 ὅτε
157 1004 237 1096 ῆλθε
263 1007 299 1075 τά
330 1005 490 1094 πλήρωμα
508 1011 568 1074 τοῦ
586 1009 724 1095 χρόνου,
743 1015 961 1090 ἐξαπέστειλεν
983 1012 1001 1078 o‘
1021 1011 1099 1091 θεὸς
1117 1013 1173 1080 τὸν

77 1108 150 1178 υἱὸν
170 1111 285 1176 αάτοά.
326 1111 430 1185 καλῶς
450 1101 508 1173 οὖν
527 1110 563 1174 ἒν
581 1111 626 1198 τῷ
645 1111 852 1196 διαληφθέντι
874 1108 938 1180 ἔτει
957 1117 1134 1200 σκρκοῦται
1154 1111 1172 1178 ὅ

75 1209 210 1294 κάρισς,
237 1204 289 1276 ὅτι
318 1211 374 1274 καὶ
401 1205 485 1276 κατὰ
504 1208 607 1275 πάντα
634 1207 670 1276 τὸ
691 1213 836 1276 τοιοῦτον
857 1205 991 1277 εὔθετον
1010 1206 1059 1298 ἦν.
1103 1213 1172 1278 ἀλλ’

28 1310 192 1394 τοὲτιειθῆ
219 1315 278 1376 καί
303 1333 386 1386 τινες
415 1311 479 1376 ταῖν
507 1312 543 1374 ἐν
574 1309 705 1400 άσεβείρι
727 1308 784 1394 τῆν
817 1309 901 1396 ζαῆν
928 1310 1174 1378 καταλυσάντων

77 1412 205 1496 ἀγαθῆς
221 1413 374 1476 τοσοῦτον
391 1409 538 1494 άτιῆρχον
557 1412 665 1493 ψυχῆς
684 1403 767 1476 sinte
788 1409 844 1475 sni
856 1416 1044 1495 προσελθεῖν
1056 1418 1173 1476 καλου-

74 1515 194 1591 μένους
212 1507 332 1586 αάτοάς
353 1508 411 1575 κατ’
426 1507 464 1574 τά
486 1507 570 1575 κατά
590 1507 737 1593 Χριστὸν
757 1503 891 1592 ἑτοίμως
914 1513 1098 1595 εὐαγγέλιον
1119 1514 1199 1580 τλά-Β

76 1615 208 1693 ξασθαι,
228 1609 319 1696 εἴπερ
344 1605 429 1676 εἶδον
449 1606 552 1674 αὐτὸν
580 1611 616 1674 ἐν
645 1618 712 1684 τοῖς
736 1606 917 1693 ἔμπροσθεν
936 1609 1066 1696 χρόνοις
1086 1609 1169 1693 μετά
1179 1625 1211 1680 V.
1228 1643 1274 1699 152

74 1709 199 1793 σαρκὸς
225 1711 281 1776 ε’τιί
309 1713 366 1795 γῆς
396 1711 624 1794 διατρίβοντα,
657 1707 770 1771 τοάτου
789 1706 887 1792 χάριν
909 1710 949 1774 ον’
969 1719 1170 1792 παραιτεῖται

24 1819 64 1882 15
76 1813 135 1874 καί
157 1808 240 1891 πρὸς
256 1803 339 1898 ᾅδην
356 1806 458 1873 ου’τάν
477 1811 641 1873 κατελθεῖν
659 1804 717 1872 καί
734 1815 805 1883 ταῖς
824 1807 925 1874 ἐκεῖσε
952 1813 1085 1894 κηρῦξαι
1105 1826 1172 1891 ψυ-

72 1916 164 1992 χαῖς,
186 1906 231 1986 ὥς
251 1913 400 1976 ἐντεῦθεν
427 1909 680 1992 άναττολογῆτοος
708 1901 790 1974 εἶναι
813 1904 975 1992 ἅπαντας,
1004 1911 1061 1972 καί
1089 1905 1172 1992 μήτε

75 2007 154 2084 ιοάς
186 2008 329 2094 άγαθοάς
355 2009 509 2074 ἀπολέσαι
530 2007 587 2092 τῆν
610 2003 733 2073 daorsis·
752 2007 957 2092 α’γαθάτητα,
990 2009 1071 2093 μῆτε
1094 2006 1172 2085 τούς

74 2109 137 2172 ουἰι
164 2103 308 2192 άγαθοάς
328 2108 502 2191 ἀντιλέγειν
526 2106 690 2174 δύνασθαι
708 2105 756 2184 ὦς’
772 2106 859 2194 εἴπερ
880 2105 1006 2189 εἴδομεν
1024 2107 1173 2174 ἐπιστεύ-

72 2230 179 2292 σαμεν
200 2203 250 2276 άν.
290 2207 348 2276 καί
366 2212 443 2291 περὶ
456 2211 518 2291 μὲν
539 2208 662 2273 τούτων
677 2201 787 2282 οὕτως.

24 2331 65 2372 ao
162 2305 203 2374 Ol
230 2309 267 2374 δὲ
283 2307 430 2398 Ἰορδαῖοι
441 2359 452 2389 ,
482 2311 534 2374 ἳνα
552 2308 599 2392 μῆ
620 2305 712 2394 μείνῃ
735 2309 791 2372 ε’ἰιά
806 2308 862 2372 τοῦ
882 2307 1027 2391 σταυροῦ
1045 2307 1085 2374 τά
1105 2305 1170 2374 σά·

73 2431 165 2489 ματα
179 2409 214 2472 ἐν
228 2403 389 2496 σαββάτῳ,
410 2407 484 2472 iusi
498 2407 683 2492 παρασκεοῆ
707 2399 746 2490 ῆν
770 2397 819 2490 (ῆν
839 2404 903 2493 γάρ
922 2405 1044 2492 μεγάλη
1064 2407 1168 2492 ἡμέρα

73 2511 181 2593 ἐκείνη
201 2510 261 2572 τοῦ
280 2503 477 2593 σαββάτου),
508 2502 677 2593 ῆράτησαν
696 2506 752 2573 eds
771 2510 927 2592 Πιλᾶτον,
946 2505 1003 2573 καὶ
1019 2504 1060 2574 τά
1080 2501 1166 2594 ἑξῆς.

75 2804 260 2874 Quamobrem
281 2803 369 2856 istuc?
387 2803 462 2874 quod
482 2820 516 2856 so
533 2812 656 2874 ‚tempore
674 2804 710 2857 ad
728 2805 815 2858 lucem
833 2821 865 2858 ea
884 2805 1079 2874 perduceretur
1094 2821 1167 2877 quse

73 2877 203 2941 mysterio
223 2875 324 2926 Christi
340 2875 472 2927 servitura
488 2885 553 2939 erat,
573 2886 731 2942 utmagnus
751 2877 801 2927 ills
819 2876 933 2928 Basilius
950 2876 1049 2947 inquit.
1066 2879 1168 2930 etenim

73 2947 231 2998 vitiositatis
248 2945 367 3009 morbus,
384 2961 433 2997 cen
452 2947 593 3012 Nyssensis
608 2947 658 2998 ille
675 2947 821 3014 Gregorius
842 2947 973 3017 loquitur,
995 2949 1041 3018 qui
1059 2947 1093 2999 nb
1114 2950 1169 3000 ini-

73 3021 115 3070 tio
135 3028 257 3071 naturam
275 3017 421 3070 humanans
440 3018 584 3080 invaserat,
602 3020 722 3087 vigorem
743 3019 795 3070 iam
814 3035 892 3070 suum
910 3019 1045 3073 amiserat.
1065 3021 1168 3090 quippe

73 3098 169 3154 gentes
185 3106 259 3140 nunc
276 3106 326 3159 per
340 3088 511 3140 vocationem
530 3087 683 3140 crediturae
704 3098 789 3150 erant,
806 3090 847 3141 nti
865 3105 979 3159 magnus
998 3091 1080 3141 edam
1099 3091 1169 3141 Pan-

74 3162 120 3212 lus
138 3161 186 3210 ille
203 3161 275 3224 (Gal.
294 3160 312 3226 4
331 3160 360 3230 d)
376 3158 467 3212 verbis
485 3157 561 3210 hisce
572 3160 708 3228 significat
724 3168 918 3230 „posteaquam
935 3159 1081 3230 plenitudo
1098 3169 1170 3213 sem-

73 3233 147 3300 poris
164 3230 283 3294 advenit,
301 3231 389 3283 filiurn
406 3247 486 3283 suurn
503 3229 572 3282 dens
589 3229 750 3300 ablegavit?
778 3239 851 3283 recte
865 3232 947 3300 igitur
963 3247 1034 3282 anno
1053 3233 1105 3282 iarn
1124 3233 1168 3284 in-

72 3303 167 3354 dicato
184 3317 291 3354 carnem
312 3302 438 3354 dominus
455 3300 586 3363 adsumit,
611 3303 687 3372 quod
705 3308 777 3354 essct
795 3301 817 3352 is
841 3301 875 3352 ad
894 3300 963 3353 hanc
982 3319 1036 3353 rom
1056 3303 1167 3356 omnino

73 3375 215 3442 appositus
233 3382 317 3443 atque
335 3371 499 3425 commodus.
523 3373 588 3442 qnia
608 3389 673 3424 vero
697 3373 824 3424 nonnulli
852 3389 945 3423 sorsrrn
970 3373 1018 3442 qui
1036 3374 1119 3426 vitam
1138 3375 1168 3428 in

71 3446 186 3513 pietatis
203 3446 375 3515 ignoratione
390 3461 466 3496 susm
483 3443 644 3506 clauserant,
669 3453 723 3496 tarn
743 3443 856 3513 egregiis
875 3452 953 3495 erant
969 3444 1066 3495 animis
1086 3437 1167 3514 prae:

71 3518 138 3575 disi,
171 3524 203 3566 nt
233 3517 322 3568 vocati
344 3516 457 3567 omnino
475 3515 607 3566 accessuri
625 3515 741 3566 fuissent
768 3522 796 3566 et
817 3514 986 3582 evangelium
1003 3513 1038 3566 de
1055 3514 1165 3568 ¹Christo

71 3588 237 3656 amplexnri‚
257 3589 280 3638 si
304 3586 415 3658 quidem
433 3603 496 3638 eum
514 3584 698 3655 superioribus
720 3584 836 3638 saeculis
856 3601 917 3636 cum
934 3601 1015 3636 carne
1032 3586 1062 3637 in
1086 3588 1166 3639 terris

72 3661 218 3727 degentem
237 3660 449 3728 conspexissent,
467 3673 518 3726 pro
550 3674 613 3709 ersa
624 3673 681 3708 non
694 3664 799 3709 recusat
810 3654 936 3710 etiamad
949 3671 1040 3708 orcum
1052 3655 1166 3710 des'cen-

72 3732 140 3783 dere
158 3747 190 3781 ac
211 3728 331 3782 detentis
350 3665 569 3814 issicsnnnalln
586 3727 752 3798 praedicare,
771 3726 871 3812 nt·hoc
884 3725 965 3778 modo
977 3729 1080 3812 nemini
1092 3729 1166 3780 ullus

71 3797 922 3942 illitiltitgttdft‘ttnttdiffiniti
935 3797 1167 3935 {illiniti

72 3945 185 3994 omnino
203 3941 421 3995 adhibuissemus
441 3941 548 3994 fidem''.
584 3940 652 3992 haec
669 3940 704 3992 de
723 3940 766 3993 his
785 3939 858 3992 dieta
875 3947 965 3990 sunto.

144 4013 286 4066 Caeterum
310 4012 404 4064 ludaei
431 4030 468 4064 ne
494 4013 524 4065 in
547 4020 627 4064 cruce
642 4027 757 4082 corpora
780 4027 830 4081 per
848 4009 991 4062 sabbatum
1008 4019 1166 4074 manerent,

72 4084 184 4154 quando
198 4093 268 4136 turn
293 4084 510 4155 praeparationis
536 4082 596 4134 dies
622 4092 695 4145 erat,
720 4081 828 4134 sabbati
854 4089 944 4133 alitem
971 4079 1038 4133 dies*
1051 4081 1166 4134 celebris

71 4165 157 4226 atque
175 4171 280 4226 magna,
298 4162 410 4210 exorato
426 4153 555 4227 precibus
569 4153 657 4208 Pilato
674 4155 764 4208 lesum
778 4152 812 4205 de
831 4152 905 4223 ligno
919 4151 1069 4217 dimittunt,
1088 4151 1165 4226 isque
