2742 4617
165 215 220 300 88
496 242 712 305 suscitemus
745 237 905 302 onium

247 393 296 458 ov’
321 389 385 475 χρή
417 395 598 472 θαυμάζειν
615 388 688 473 ἐἴγε
711 397 779 466 ταῖς
794 393 847 471 τῆς
868 385 997 469 σελήνης
1017 385 1247 466 σδξομειιδσεσι

162 491 391 575 μεταβάλλεται
412 490 431 552 o‘
451 490 532 575 άήρ,
556 487 635 553 ὅσον
655 513 691 572 γε
724 487 778 552 καί
799 489 833 552 ἐν
855 482 946 564 ζεόοις
966 486 1047 548 τισίν
1067 479 1133 548 ἔστι
1155 487 1247 550 τοῦτο

161 594 249 657 ἰδεῖν.
293 587 377 676 φασί
396 588 458 672 γάρ
477 588 537 670 τήν
550 582 615 670 ἶβιν
638 589 790 672 μηδαμοῦ
810 581 889 670 δρᾶν
909 578 960 648 δτι
982 584 1131 666 α’σέληνος
1153 579 1169 646 ὃ
1190 583 1247 646 οδ-

161 688 274 769 ρανός,
296 685 389 770 μύειν
414 690 450 752 δὲ
469 686 526 751 καί
547 682 657 752 οἴσετον
686 690 801 766 μένειν.
844 678 860 746 δ
886 685 921 746 δὲ
942 683 1072 764 κέρκωψ
1093 683 1248 766 τιροδηλο-
1348 764 1349 768 ¹

158 791 252 870 κέρας
272 784 340 870 ἔχει
359 784 416 861 τάς
449 788 626 876 ἐνεργείας·
681 780 734 849 ὅτε
755 783 816 864 γάρ
839 773 928 860 αὔξει
952 779 972 864 ἡ
992 780 1123 865 σελήνη,
1145 778 1161 844 δ
1184 783 1276 850 ταῖν5

160 889 337 974 ὀφθαλμῶν
350 881 462 960 κδκλος
482 885 583 972 τούτῳ
603 877 787 968 nupsissent,
808 875 859 945 ὅτε
880 883 916 945 δὲ
936 882 1091 961 μειοῦται,
1113 882 1247 945 συστέλ-

130 994 258 1050 Βλεται.
300 979 381 1050 άλλά
403 984 498 1066 καίἧ
521 983 602 1074 γαλῇ
623 978 884 1066 λειψοφωτοδσης
903 983 958 1064 τής
979 975 1108 1063 σελήνης
1129 975 1248 1063 ήσατος

159 1085 312 1150 λείπεται·
362 1080 602 1170 αδξιφωτσάσης
631 1082 667 1144 δὲ
688 1077 783 1144 πάλιν
812 1079 911 1162 αδτής
929 1075 964 1142 so*
986 1079 1127 1142 τοιοῦτον
1148 1078 1248 1160 αδτής

158 1179 409 1266 προσετισδξεται
437 1178 559 1266 μόριον.
612 1180 698 1265 φασί
718 1180 753 1244 δὲ
770 1182 825 1244 καί
843 1178 877 1242 ἕν
896 1179 1026 1264 ποταμῷ
1044 1177 1086 1264 τῷ
1101 1176 1246 1263 Ὑδάσπῃ

74 1289 105 1340 v.
115 1291 150 1342 36
156 1283 327 1364 γεννᾶσθαι
336 1279 426 1344 λίθον
446 1280 556 1362 λίχνην
569 1279 771 1360 καλούμενον,
793 1273 828 1352 ὃς
840 1271 971 1358 σελήνης
983 1275 1156 1359 αὐξομένης
1166 1267 1244 1358 ἦχον
1259 1293 1294 1334 ιο

155 1379 313 1466 μελῳδίας
340 1379 496 1452 οἰσοτελεῖ.
540 1375 596 1441 καί
614 1379 648 1441 ἑν
676 1379 809 1465 ποταμῷ
836 1377 871 1440 δὲ
891 1374 1033 1460 Κελτικῷ
1058 1375 1246 1438 διαιτᾶσθαι

156 1476 257 1560 ἰχθδν
279 1480 419 1540 κλασίαν
441 1478 603 1558 ἐγχωρίαις
627 1471 835 1556 καλούμενον,
857 1469 893 1548 δς
915 1473 1087 1555 ου’ξομένης
1106 1476 1161 1557 τῆς
1192 1495 1246 1538 σε-

155 1573 249 1659 λήνης
278 1577 473 1639 λευκαίνεται
504 1578 695 1658 μειουμένης
725 1575 760 1639 δὲ
780 1575 972 1654 μελαίνεται.
1014 1575 1114 1636 ταῦτα
1145 1575 1181 1637 δὲ
1204 1576 1246 1660 τῇ

156 1672 319 1760 ἑξαημὲρηι
340 1671 438 1738 αὐτοῦ
455 1677 725 1759 συμπεριείληφεν
748 1671 764 1736 δ
785 1676 884 1756 με’γας
904 1672 1121 1747 Ἀναστάσιος.

234 1766 333 1839 Ἀλλά
356 1771 412 1836 καί
431 1773 485 1837 διά
504 1772 577 1849 τούς
607 1772 821 1848 ἀπιστοῦντας
842 1765 862 1854 ή
883 1773 1001 1852 μάλλον
1021 1773 1120 1836 εἰπεῖν
1140 1774 1295 1855 lueys-15

132 1875 279 1947 camme
298 1875 339 1959 τῇ
359 1871 547 1952 ἀναστάσει,
571 1869 660 1935 καθά
681 1895 780 1956 φησιν
809 1867 942 1953 άμενος
964 1867 1159 1954 Ἑσιφάνισς,
1181 1895 1266 1955 αα·-Ι

158 1969 279 2054 ράδοξά
298 1996 368 2036 τινα
388 1968 652 2058 σροηικονόμησαν
673 1973 831 2052 γίνεσθαι.
853 1965 996 2057 ήφάσκα
1016 1966 1146 2052 θνήσκει
1167 1969 1245 2052 ήμέ-

158 2093 218 2150 (ισς
245 2067 501 2156 τεσσαράκοντα,
526 2068 582 2134 καί
603 2066 697 2133 πάλιν
719 2070 893 2134 α’νίσταται.
942 2065 959 2132 ὅ
995 2065 1095 2150 μδοιιμ
1114 2067 1243 2148 θνήσκει

158 2171 260 2250 μήνας
281 2171 330 2250 ἐ’ξ,
360 2165 417 2233 καί
444 2167 541 2232 πάλιν
561 2171 732 2234 ursmarus.
774 2166 916 2252 δφοῖνιξ
936 2163 953 2229 δ
974 2165 1138 2252 Ἀραβικδς
1158 2159 1244 2252 ὄρνις

157 2269 282 2348 λέγεται
301 2261 384 2333 εἶναι
403 2265 590 2350 μονογενής,
612 2257 729 2346 ἇζογος
744 2265 778 2332 ἐν
798 2270 838 2352 τῇ
858 2269 1065 2354 δημιοορμιληι,
1089 2264 1167 2332 κατά
1189 2263 1292 2351 ἕεστο

158 2362 349 2432 πεντακόσια
382 2369 476 2429 τοῦτο
505 2363 622 2447 πάσχει
648 2360 669 2427 δ
689 2368 744 2429 καί
765 2363 906 2452 φαιδρὰν
928 2369 1063 2451 sputum
1081 2363 1140 2452 τήν
1163 2366 1243 2432 α’νά-

233 2550 273 2602 ¹9·
297 2531 378 2608 δρνις
395 2529 427 2591 oe
445 2532 491 2587 λλ

229 2711 327 2764 Mirum
344 2712 429 2766 sideri
445 2731 501 2767 non
513 2709 603 2768 'debet
618 2730 672 2768 una
698 2731 758 2768 cum
773 2717 943 2769 incrementis
961 2733 992 2768 ac
1010 2716 1242 2771 deminutionibue

162 2787 243 2836 lunae
267 2790 329 2836 nera
351 2801 461 2906 ησοσσε
485 2787 599 2848 mutari,
628 2786 738 2856 ιησασδο
766 2787 905 2840 nonnullis
932 2787 961 2839 in
987 2788 1150 2839 animalibus
1170 2787 1243 2840 illem

162 2855 306 2907 usuvenire
322 2855 350 2908 vi
371 2872 452 2909 emus.
479 2874 541 2909 nans
563 2855 676 2909 tradunt
700 2857 766 2908 ibim
792 2859 870 2909 coelo
889 2859 953 2909 luna
972 2867 1080 2910 carente
1097 2857 1168 2909 nihil
1185 2875 1243 2909 cer-

161 2942 227 2978 nere
256 2924 305 2976 secl
335 2927 428 2978 oculos
448 2926 549 2978 hahere
566 2927 689 2990 clausos,
710 2945 762 2980 nec
786 2927 854 2980 cibis
879 2929 942 2980 ullis
970 2929 1018 2980 uti.
1037 2937 1065 2980 et
1085 2929 1195 2998 quidem
1213 2930 1243 2980 in

162 2998 248 3059 simio,
267 3011 347 3066 quem
367 3012 506 3066 cercopem
523 3006 634 3063 vocant,
653 3000 807 3051 ellectioncs
824 2997 873 3048 lrac
893 2999 922 3048 in
940 3007 1016 3067 purte
1028 3007 1092 3050 sunt
1110 2999 1243 3051 illustrio-

163 3085 223 3118 res:
240 3084 301 3117 nam
328 3084 389 3118 cum
409 3069 529 3136 augescit
549 3069 629 3134 luna,
647 3070 786 3121 oculorum
813 3069 885 3120 orbis
905 3069 930 3119 ei
949 3067 1095 3133 dilatatur,
1113 3085 1173 3120 cum
1193 3069 1243 3121 de·

162 3139 312 3200 minuitur,
339 3146 368 3190 et
398 3138 457 3207 ipse
483 3139 660 3192 contrahitur.
683 3139 835 3210 quinetiam
858 3139 973 3191 mustela
998 3138 1140 3192 deficiente
1161 3141 1243 3193 lunae

162 3208 266 3260 lumine
283 3207 358 3259 iecur
375 3209 496 3260 imminui
514 3211 611 3274 aentit;
639 3209 788 3280 eademque
807 3227 909 3262 rursum
928 3219 1078 3273 crescente,
1096 3209 1244 3262 membrum

161 3277 236 3328 illem
265 3277 381 3330 vicissim
408 3288 529 3348 augetur.
574 3277 701 3333 erhibent
726 3281 807 3333 etiam
825 3281 854 3332 in
871 3278 996 3350 Hydaspe
1024 3281 1106 3332 lluvio
1124 3281 1244 3350 lapidem

160 3347 297 3417 quendum
314 3349 387 3401 nasci
404 3367 485 3419 quem
505 3297 627 3402 LicEnen
641 3360 749 3404 vocant:
770 3351 793 3403 ie
814 3358 974 3420 augescente
986 3351 1051 3401 luna
1066 3367 1161 3402 sonum
1180 3351 1243 3402 ‹lul-

160 3421 199 3470 cis
224 3427 317 3471 cantus
335 3418 419 3472 edere
437 3421 530 3472 fertur.
559 3421 720 3474 influmine
749 3421 866 3492 quodum
884 3420 987 3485 Celtico
1005 3421 1106 3490 piscem
1126 3423 1243 3472 existere

158 3487 285 3552 tradunt,
311 3490 359 3560 qui
379 3490 414 3541 eb
432 3491 528 3544 incolis
546 3491 654 3561 Clopioe
673 3493 841 3562 appelletur:
864 3491 887 3543 is
912 3491 977 3542 luna
1001 3499 1137 3554 crescente
1164 3490 1242 3540 albe-

159 3561 228 3616 scit,
247 3560 387 3613 deminuta
411 3563 533 3630 nigricat.
551 3572 634 3634 atque
662 3561 728 3614 haec
749 3561 856 3631 quidem
885 3562 965 3613 etiam
985 3561 1056 3612 libro
1074 3579 1122 3612 suo
1143 3561 1177 3612 sle
1195 3575 1243 3612 sex

159 3631 307 3748 primolrurn
335 3631 371 3682 ab
401 3643 463 3685 ortu
488 3633 584 3686 mundi
607 3633 713 3685 dierum
737 3633 852 3702 opillciis
875 3649 987 3701 magnus
1009 3632 1164 3684 Anastasius
1193 3631 1242 3682 ille

160 3715 219 3750 com
251 3715 315 3752 exus
337 3709 386 3755 est.
487 3707 492 3714 ’

220 3716 373 3823 pCaeterum
397 3781 507 3842 praeter
533 3773 596 3826 illos
615 3789 725 3844 quoque
745 3772 792 3842 qui
809 3774 1030 3826 resurrectionem
1049 3771 1167 3824 suturam
1186 3787 1243 3824 non

160 3839 276 3891 credunt
297 3841 343 3891 vel
364 3846 456 3910 potius
480 3862 538 3896 eam
555 3844 683 3909 irrident,
707 3851 738 3895 ut
754 3843 866 3895 eximius
891 3843 940 3894 ille
962 3851 1056 3895 noster
1075 3841 1242 3913 Epiphanius

160 3912 213 3968 ait,
231 3909 402 3963 admirabilia
420 3916 599 3982 quaedamst
625 3932 693 3967 nova
713 3913 779 3965 (leue
799 3914 841 3964 uti
862 3912 959 3964 fierent
978 3915 1092 3965 consilio
1112 3913 1243 3982 singulari

160 3981 287 4032 instituit
305 3979 434 4049 plrascusr
450 3985 509 4037 slies
530 3987 576 4038 xl,
600 3993 711 4050 mortus¹
731 3983 871 4036 reviviscit
890 4001 982 4054 myope
1000 3984 1056 4036 sive
1075 3985 1189 4036 tabanus
1206 3983 1242 4034 Vl

159 4059 232 4102 totos
254 4067 361 4102 menses
386 4061 506 4106 mortuus
532 4057 617 4108 vitam
650 4063 797 4124 mesrpcrut
824 4053 942 4124 phoenix
966 4055 1021 4106 avis
1044 4064 1086 4108 est
1110 4055 1242 4117 Arabica,

160 4138 231 4188 quae
248 4130 277 4176 st
293 4123 409 4191 unigena
438 4131 466 4174 et
484 4128 613 4194 comparis
634 4143 728 4194 expers
750 4127 836 4178 lertur
853 4125 883 4177 in
900 4126 1037 4179 creatione
1052 4143 1140 4178 rerum
1159 4125 1241 4178 exsti-
