2742 4617
447 291 662 359 suusuuu
692 291 796 359 usas
810 291 869 357 ιιι.
1051 334 1063 346 .
1105 265 1193 383 4⁰9

104 455 289 542 παραδόξως
321 459 367 544 τῷ
394 457 472 549 ἡλίιρ
502 457 560 544 τὴν
579 456 712 545 σελήνην
735 457 951 542 ἐμπίπτουσαν
966 451 1115 545 λυροόμεν
1137 455 1192 546 (osi

103 555 165 642 γόρ
192 551 232 641 ἡν
263 557 399 622 συνόδου
420 557 546 646 καιρός)
578 553 676 637 αόθίς
697 583 732 623 τε
762 554 865 642 αότὴν
893 555 956 622 cinti
978 560 1033 643 τὴς
1061 561 1193 646 όννότης

104 653 194 741 οόρας
221 649 299 740 όχρι
332 660 388 741 τῆς
416 653 553 745 ἑσπέρας
580 661 627 735 εἷς
654 656 692 724 τό
713 661 770 724 τοό
792 658 883 744 ἡλίου
904 657 1077 742 διάμετρον
1096 658 1289 744 tineo-Pauo

104 757 198 840 φυσῖς
216 754 503 828 οἷντικαταστοῖσαν.
527 759 675 824 ’τοσοῦτον
698 761 734 825 δὲ
758 756 814 822 καλ
834 753 929 832 αότός
950 756 1100 841 ἐξεπλάγη
1124 756 1195 823 τότε

75 853 150 932 5ιός
165 849 251 919 οότω
269 855 349 939 πρός
368 879 408 939 με
430 859 530 922 stuata
545 857 680 941 ‘tusisu‚
702 851 731 922 oi
749 857 921 940 Διονόαιο,
942 859 1040 921 θείων
1062 857 1197 940 α’μοιβαί

103 954 301 1039 πραγμάτων
330 959 414 1027 εἰσί*
423 961 444 989 ”
491 958 548 1022 καί
567 960 746 1038 ταῦταμὲν
770 959 892 1022 τοῦτοί
904 953 972 1040 ἔχει
991 955 1047 1021 τόν
1059 957 1194 1043 τρόπον,

103 1056 178 1140 περί
197 1056 233 1120 δὲ
252 1059 311 1120 τοό
331 1060 512 1138 σκοτασμοό
532 1057 651 1122 ἐκείνου
681 1057 740 1122 τοό
760 1056 841 1120 κατὰ
860 1053 896 1120 τό
919 1055 1073 1141 σωτὴρισν
1094 1055 1197 1134 πόθος

102 1151 267 1238 γεγονότος
289 1156 482 1236 θαυμασίως
514 1180 580 1231 πως
599 1153 656 1221 καί
676 1159 721 1245 τῷ
743 1156 889 1243 προφὴτη
911 1157 1062 1244 Ζαχαρίρι
1079 1157 1197 1241 διείλη·

102 1277 198 1318 πται·
220 1255 303 1337 λέγοι
322 1253 384 1338 γάρ
409 1258 465 1337 ,ἐν
485 1255 586 1345 ἐκείνη
605 1259 644 1343 τῇ
664 1251 768 1342 ἡμέρᾳ
793 1255 850 1318 usin
870 1254 961 1320 ἔσται
983 1259 1069 1342 φοός”
1090 1255 1198 1342 (ἡνίκα

56 1350 226 1438 ςοόηλαόὴ
246 1355 515 1447 στρυρωθὴσεται
537 1354 744 1442 όΧριστός),
768 1352 872 1436 ,ἄλλό
895 1357 1002 1437 ψῦχος
1022 1352 1078 1419 καὶ
1097 1352 1198 1438 πάγος
1216 1363 1219 1371 “

102 1448 196 1518 ἔσται
214 1450 293 1533 μίαν
312 1453 454 1537 ἡμέραν·
497 1452 553 1519 καὶ
571 1454 590 1540 ἡ
611 1453 716 1538 ἡμέρα
736 1453 838 1538 ἐκείνη
860 1449 983 1537 γνωστὴ
1002 1455 1048 1540 τῷ
1066 1455 1195 1544 κυρίην.”

102 1541 171 1615 όόνω
192 1550 252 1637 γόρ
275 1548 403 1617 ἅπαντα
424 1557 651 1639 προεγίνωσκεν
677 1548 693 1617 i
715 1549 802 1628 θεός.
855 1553 910 1616 καί
930 1543 991 1638 γόρ
1014 1553 1073 1635 οόχ
1092 1552 1197 1638 ἡμέρα

102 1651 161 1715 καί
179 1650 219 1714 osi
238 1646 305 1730 νόξ.
326 1645 399 1717 οὔτε
418 1651 479 1738 γόρ
502 1653 605 1738 ἡμέρα
621 1653 737 1736 κυρίως
758 1646 796 1738 ἡν
811 1651 865 1717 διὰ
887 1649 921 1717 τό
944 1654 1077 1736 πρόαρον
1098 1656 1197 1718 ἐκεῖνο

103 1747 232 1833 σκότος,
255 1745 326 1816 otius
354 1750 413 1831 νόξ
444 1752 574 1836 α’ληθαός
603 1749 657 1818 διό
676 1775 711 1817 τε
736 1750 770 1817 τό
792 1753 905 1838 μέχρις
925 1755 1015 1836 ἕκτης
1036 1747 1123 1839 σόρας
1144 1759 1225 1820 καίΒ

54 1847 185 1931 ιὸμετό
204 1847 262 1934 τὴν
282 1849 412 1936 ἐννότην
428 1850 594 1935 γενόμενον
614 1851 697 1938 utic.
741 1846 760 1915 ό
780 1849 819 1935 (λη’
834 1851 890 1916 καί
908 1853 1012 1935 δηλῶν
1030 1850 1048 1915 o‘
1071 1851 1196 1937 προφὴ-

101 1971 160 2034 της
180 1946 267 2034 ἔλεγε
296 1948 375 2031 ,καί
395 1947 475 2032 πρός
505 1945 642 2033 ἑσπέραν
669 1947 759 2016 ἔσται
781 1953 877 2036 φῶς.”
917 1953 1019 2015 ταῦτα
1040 1951 1093 2031 δέ,
1117 1949 1196 2033 τόγα-
1307 1996 1310 2010 .

101 2051 200 2132 πητό,
233 2049 273 2112 uti
299 2048 394 2131 μόνον
418 2053 582 2135 προφῆται
615 2059 786 2135 προεῖπον,
811 2048 893 2114 οἷλλό
922 2053 978 2113 καί
1003 2051 1044 2114 ἐν·
1070 2053 1197 2125 πολλοῖς

97 2143 287 2232 Ἑλληνικοῖς
314 2143 540 2231 όπομνὴμασιν
572 2142 738 2234 εὕρηνται·
787 2153 843 2212 καί
860 2147 991 2230 σεισμόν
1016 2145 1078 2230 γόρ
1097 2150 1197 2232 μέγαν

100 2247 272 2329 τηνικαῦτα
290 2249 415 2329 λέγουσι
433 2249 600 2334 γενέσθαι,
620 2248 679 2314 κατ’
698 2246 809 2325 σκότος
827 2251 979 2315 τοσοῦτον
997 2243 1077 2314 uiuae
1100 2245 1195 2316 όυτό-

52 2367 163 2433 πορας
184 2348 337 2435 φανῆναι.

175 2545 340 2619 ὁμόνοια
358 2545 386 2601 Ρ.

99 2747 151 2785 uos
170 2730 243 2783 euim
263 2728 343 2782 ambo
361 2729 391 2781 id
407 2729 537 2799 temporis
556 2729 637 2783 Helio
658 2729 697 2784 oli
715 2745 768 2782 una
787 2741 906 2794 eramus,
925 2735 954 2784 et
966 2727 1063 2782 eodem
1082 2729 1111 2782 iu
1132 2729 1195 2783 loeo

101 2803 281 2856 consistentes
312 2801 404 2852 lunam
424 2801 553 2852 inusitato
582 2817 627 2852 ano
648 2819 666 2852 ο
694 2802 723 2853 iu
747 2802 831 2853 solem
853 2798 975 2853 incidere
1001 2799 1193 2865 cernebamus;

101 2875 206 2943 quippe
223 2889 279 2924 nou
297 2871 368 2922 illusi
381 2873 508 2924 coitionis
526 2888 618 2923 eorum
643 2873 760 2924 siderum
778 2881 886 2941 tempus
904 2880 968 2925 eret.
987 2870 1087 2923 deiude
1105 2887 1193 2924 rursus

102 2960 162 2996 easu
179 2943 412 3012 conspiciebamus
438 2941 473 2994 ab
505 2942 572 2994 hora
590 2961 661 2995 uuna
678 2959 762 3013 usque
781 2942 816 2994 ad
836 2959 975 3012 vesperum
997 2944 1104 2994 ratione
1125 2957 1193 3064 ηατ-

103 3015 167 3068 dam
185 3014 378 3066 uitrauaturaii
399 3029 432 3065 eo
453 3029 601 3076 reversam,
619 3023 650 3066 ut
666 3015 820 3084 oppositum
834 3013 887 3065 sibi
906 3029 940 3064 ex
959 3011 1090 3065 diametro
1109 3031 1137 3065 so
1151 3030 1193 3066 em

101 3083 223 3144 haberet.
248 3085 399 3156 quinetiam
428 3085 487 3152 ipse
506 3083 575 3135 adeo
596 3094 652 3136 tum
670 3085 800 3154 temporis
819 3083 957 3153 perculsus
982 3092 1058 3135 metu
1075 3084 1193 3153 quodasu

100 3157 257 3226 obstupuit,
287 3164 319 3207 ut
346 3155 382 3206 ad
399 3171 443 3206 sne
461 3171 605 3207 conversus
622 3155 741 3208 diceret:
768 3154 850 3219 haee,
869 3155 996 3221 Dionysi,
1016 3171 1103 3206 rurum
1122 3154 1194 3207 divi-

103 3244 198 3280 uerum
216 3235 279 3278 suut
293 3216 522 3279 vicissitudines.’'
541 3225 615 3277 huuc
634 3228 664 3278 iu
683 3225 794 3278 modum
813 3226 864 3278 hac
883 3227 917 3278 ds
935 3242 964 3277 rs
982 3226 1138 3292 Dionysius.
1156 3225 1191 3276 du

102 3299 200 3351 iisdem
217 3296 339 3350 tenebris
359 3297 515 3350 salutiferas
536 3299 669 3366 passionis
689 3307 809 3367 tempore
830 3296 934 3350 obortis
953 3297 1034 3348 etiam
1051 3296 1192 3349 Zacharias

100 3378 178 3421 uates
192 3372 239 3436 (ιό
255 3371 285 3434 6)
308 3367 467 3420 admiranda
489 3367 605 3438 quadum
627 3370 731 3421 ratione
760 3369 889 3438 loquitur.
914 3367 997 3432 „illo”
1017 3368 1109 3437 inquit
1126 3368 1189 3432 „diu

101 3441 149 3492 lux
167 3440 245 3492 nullu
270 3439 401 3502 existet‚’'
429 3457 484 3508 quo
513 3438 644 3492 videlicet
661 3438 781 3492 Christus
807 3441 836 3492 iu
863 3455 967 3490 crucem
985 3447 1093 3507 agetur:
1120 3439 1188 3502 „sed

100 3519 161 3564 toto
180 3512 225 3564 die
243 3510 327 3578 frigus
345 3527 377 3561 ao
394 3511 457 3579 gelu
475 3509 599 3576 durabit3
621 3529 702 3582 quem
721 3509 832 3581 quidem
855 3510 927 3562 diem
945 3507 1069 3562 domiuus
1088 3511 1189 3562 unvit.”

100 3582 169 3634 deus
186 3583 258 3634 euim
285 3581 375 3632 omniu
423 3581 477 3632 eius
509 3583 618 3650 cognita
644 3581 736 3634 habet.
766 3599 822 3634 nou
841 3581 864 3632 is
887 3579 1032 3644 disserit,
1053 3581 1187 3634 neeitem

98 3670 163 3705 uox.
183 3654 310 3706 nimirum
330 3599 463 3723 υρρολλοτί
489 3651 548 3704 dies
573 3653 682 3722 proprie
702 3669 758 3705 non
774 3659 884 3722 poterat
901 3659 1013 3721 propter
1027 3650 1089 3704 illas
1107 3651 1188 3704 trium

99 3723 226 3776 hosarum
244 3723 385 3788 tenebras;
404 3739 455 3775 uec
472 3739 568 3792 reapse
584 3741 639 3775 uox
654 3733 713 3776 erat
733 3732 844 3794 propter
855 3739 914 3774 eam
925 3723 1022 3786 lucem,
1039 3739 1108 3793 quae
1125 3741 1187 3775 sex-

98 3803 155 3849 tam
164 3794 258 3847 horam
268 3795 414 3846 antecessit
425 3803 454 3847 et
463 3811 563 3846 nouam
572 3804 614 3847 est
622 3795 772 3848 subsecuta.
792 3793 866 3866 quod
880 3795 968 3863 ipsum
984 3809 1093 3864 quoque
1112 3801 1188 3846 vates

98 3868 217 3920 innuens
236 3865 347 3919 subiicit
363 3866 432 3930 „sub
451 3883 592 3936 vesperam
614 3867 662 3919 lux
683 3868 759 3919 eeit'’
776 3882 868 3936 usque
888 3874 992 3918 tantum
1009 3864 1092 3930 haee,
1116 3865 1187 3918 ‹tite-

98 3947 142 3990 ete
160 3939 216 4003 titt,
242 3938 283 3989 sie
310 3935 451 3990 avatibus
469 3937 592 4006 exposita
611 3945 691 4002 sunt,
718 3937 895 3992 semmetium
912 3937 941 3988 iu
958 3935 1050 3988 multis
1068 3937 1185 3990 Graeco·

98 4027 157 4062 rum
177 4009 363 4061 monumentis
392 4018 422 4062 et
446 4009 646 4061 commentariis
669 4011 857 4079 reperiuntur,
871 4009 917 4079 qui
938 4023 971 4058 eo
990 4015 1112 4079 tempore
1131 4017 1187 4060 tre·

98 4079 168 4132 ‹iuut
184 4090 273 4132 tersae
291 4087 395 4132 mutum
426 4079 563 4146 ingentem
578 4079 724 4148 midine,
744 4089 888 4152 tantasque
915 4077 1060 4148 tenebras,
1077 4089 1107 4134 ut
1124 4081 1184 4152 ipsa

97 4167 209 4224 questus
225 4150 317 4206 sidera
334 4151 564 4223 conspicerentur.
1239 4143 1244 4156 '
