2742 4617
475 281 690 346 auuuruu
718 281 820 347 caus
850 285 905 347 ru.
1134 249 1218 352 405

131 433 226 514 δῆλον
256 434 316 512 μέν
336 433 394 496 κατ’
422 431 456 511 ἔξ
480 426 586 496 ἄλλων
606 436 746 514 πολλῶν,
779 427 948 516 salinus
969 434 1005 498 di
1025 429 1081 497 καλ
1103 431 1139 497 tn
1159 431 1223 494 rtis

124 525 186 618 ἤδη
220 529 447 617 ῥηθησομένων
473 555 536 596 σοι.
572 530 631 615 την
661 532 782 614 ἡμέραν
813 533 932 618 ἐκείνην
970 525 1007 617 ἧς
1037 536 1076 620 τῇ
1102 525 1220 618 ἑσπέρᾳ

128 633 163 697 τὸ
195 632 307 713 πάσχα
336 631 468 712 ἐθύετο,
495 629 549 696 καί
579 629 714 713 οἷζάμοον
737 627 859 714 ἡμέραν
884 633 941 696 καί
968 629 1075 713 πάσχα
1106 609 1222 709 ὃμάάος

130 735 237 794 καλεῖν
258 726 411 795 εἰώθασιν
442 729 507 794 άπὸ
528 735 584 813 τῆς
612 728 747 812 ἑσπέρας
774 728 899 804 πάντως
920 732 1039 814 αάτῆς·
1083 733 1138 794 καί
1157 727 1220 814 γάρ

103 828 187 898 stri
208 828 245 895 τὸ
266 828 322 894 τὸν
334 827 435 910 α’μνὸν
454 827 596 895 θάεσθαι
615 831 671 892 κατ’
689 829 726 893 τά
743 821 850 912 άζυμα
865 833 1034 894 ἐσθίεσθαι
1048 833 1087 917 τῇ
1104 826 1221 920 έσπέρρ

129 932 185 1014 τῆς
204 927 561 1014 τεσσαρεσκαιδεκάτης,
592 927 673 993 κατά
696 933 786 995 τοῦτο
808 932 863 995 καί
882 930 900 1014 ἢ
921 929 963 993 ιδ’
985 924 1067 1014 αὕτη
1088 929 1141 994 καί
1160 933 1220 994 πά-

130 1051 195 1110 σχα
216 1027 273 1091 καὶ
294 1024 427 1108 scupus
454 1028 559 1111 ἡμέρα
584 1031 716 1111 ἐλέγετο.
758 1031 861 1093 ταῦτα
883 1032 918 1094 δὲ
939 1017 1141 1110 τάόνόματα
1166 1027 1223 1094 καὶ

128 1128 188 1212 την
207 1124 347 1212 μεγάλην
359 1127 565 1210 παρασκευήν
580 1130 771 1223 κεκτημένην
787 1125 985 1210 εὑρίσκομεν.
1008 1130 1063 1192 κατ’
1076 1126 1220 1212 πρόσχες,
1229 1138 1256 1191 P.
1266 1139 1318 1192 ard

130 1229 163 1292 εἰ
180 1225 307 1310 βσάλει,
329 1235 394 1304 τοῖς
422 1229 607 1310 λεγομένοις.
660 1226 769 1314 πρώτη
798 1234 861 1292 τῶν
893 1229 1026 1310 άξάμων
1057 1229 1220 1312 λέγεταιῆ

84 1323 251 1410 ιομεγάλη
269 1329 395 1410 πέμπτη
420 1325 463 1402 ὥς
483 1324 544 1411 πρό
565 1330 629 1392 τῶν
650 1328 781 1408 α’ζάμων
803 1321 905 1392 οὖσα·
949 1325 1094 1410 καθάπερ
1118 1325 1179 1412 γάρ
1204 1325 1221 1391 ὅ

130 1423 268 1511 Μάρκος
287 1423 346 1509 τήν
372 1425 576 1512 παρασκευήν
596 1426 815 1511 προσάββατον
842 1426 946 1510 ἔλεγεν
975 1427 1019 1503 ὥς
1039 1422 1138 1492 οὖσαν
1158 1427 1220 1511 πρὸ

128 1527 187 1590 τοῦ
219 1523 400 1610 σαββάτου,
441 1521 523 1590 οὕτω
559 1525 612 1590 καὶ
648 1525 704 1611 την
743 1526 882 1612 μεγάλην
916 1530 1058 1612 πέμπτην
1094 1513 1221 1612 πράτηκ

129 1629 194 1689 τῶν
217 1626 349 1706 α’ζάμων
370 1630 454 1709 λέγει
476 1622 493 1688 o‘
514 1629 687 1701 Ματθαῖος
716 1626 759 1702 ὥς
779 1623 839 1711 πρὸ
862 1631 927 1692 ταῖν
947 1624 1079 1707 α’ζάμων
1105 1613 1217 1707 οὖσαν,

129 1721 216 1788 καθά
237 1747 336 1809 φησιν
365 1721 460 1808 dria
486 1729 630 1808 γλῶτταν
656 1730 799 1809 χρυσοῦς
824 1725 903 1810 „riv
923 1723 1062 1810 μεγάλην
1088 1727 1219 1811 ἐνέφηνε

81 1820 256 1898 ι5πάντοσς
276 1823 514 1908 παρασκειιὴν.”
564 1823 681 1905 ὅμοι’ως
702 1826 736 1888 δὲ
758 1825 813 1888 καί
834 1821 850 1889 ὅ
869 1829 1022 1906 Λουκᾶς,
1041 1826 1147 1890 ἐλθεῖν
1168 1827 1218 1889 λέ-

128 1945 210 2005 γων,
231 1927 391 1988 τουτέστιν
411 1926 577 2006 η’γγικέναι,
600 1924 656 2008 την
676 1928 739 1990 τῶν
757 1925 888 2003 άζάμων
907 1919 1048 2008 ἡμέραν,
1070 1923 1110 1989 τά
1133 1921 1216 1988 arisai

128 2025 174 2110 τῷ
195 2025 359 2110 Ματθαάρ
379 2025 519 2111 η’νέξατο.
573 2023 652 2088 άλλά
684 2025 740 2089 καί
766 2021 949 2109 ὃἸωάννης
980 2023 1040 2110 πρὸ
1064 2029 1120 2107 τῆς
1148 2020 1217 2106 ἑορ-

125 2125 182 2205 τῆς
200 2123 261 2186 τοῦ
283 2121 394 2204 πάσχα
421 2125 570 2204 γενέσθαι
604 2128 703 2206 λέγων
730 2125 763 2190 τὸ
793 2128 918 2188 δεῖπνον
953 2122 1049 2207 αὐτὴν
1072 2121 1139 2190 εἷπε
1160 2124 1246 2208 vij

127 2220 353 2305 παρασκευήν,
383 2225 439 2286 καί
463 2226 593 2306 δηλοῦσι
621 2223 658 2288 τά
687 2224 766 2304 μετὰ
788 2229 909 2288 ταῦτα·
957 2231 1040 2306 λέγει
1059 2219 1120 2306 γάρ
1141 2227 1220 2304 ,,καί

78 2320 224 2388 acciret
242 2323 301 2384 ov’u
321 2323 470 2405 εἰσῆλθον
487 2325 541 2386 ἵνα
572 2321 617 2407 μη
638 2328 841 2405 μιανθῶσιν,
871 2324 940 2387 άλλ’
958 2325 1009 2387 ἴνα
1032 2325 1158 2408 φάγωσι
1179 2321 1215 2386 τὸ
1268 2381 1271 2387 .

87 2422 92 2430 ’
127 2421 240 2505 πάσχα
250 2424 280 2502 ,”
319 2424 376 2484 aui
394 2415 493 2497 αὖθις
524 2418 615 2504 ,ἔστι
645 2427 680 2488 di
701 2423 858 2508 συνηθεια
879 2419 957 2506 ὑμῖν
985 2422 1038 2488 ἵνα
1063 2421 1119 2488 ἕνα
1138 2417 1218 2504 ὑμῖν

203 2607 241 2660 13.
260 2607 371 2679 λέγεται
390 2608 418 2659 P.

129 2777 259 2830 vespera,
285 2777 343 2813 non
364 2769 456 2813 autem
474 2779 586 2831 magnae
607 2763 720 2834 quintae
741 2763 824 2816 feriae
843 2762 999 2816 mactandus
1017 2761 1099 2814 suerit
1116 2779 1219 2830 agnos,

129 2849 191 2883 cum
210 2831 391 2884 aliis'multis
411 2851 442 2884 ea
462 2835 624 2901 argumentis
647 2835 738 2903 colligi
754 2835 901 2905 perspicue*
914 2843 1016 2904 potest,
1034 2841 1089 2884 tuur
1107 2850 1170 2884 vero
1188 2835 1217 2885 in

131 2904 225 2973 primis
245 2919 280 2954 ex
303 2904 358 2954 illis
379 2921 449 2972 quac
472 2921 544 2955 nunc
573 2905 718 2956 indicaturi
746 2923 842 2957 sumus.
861 2904 932 2956 diem
963 2904 1040 2954 ilium
1064 2902 1112 2953 suh
1141 2904 1217 2954 cuius

129 2989 269 3042 vesperam
292 2972 393 3026 Pascha
410 2975 592 3038 mactabatur,
619 2985 648 3028 et
670 2976 921 3028 infermentatorum
951 2991 1049 3044 panum
1077 2972 1164 3036 diem,
1190 2981 1218 3026 et

55 3038 61 3046 ”
130 3045 310 3096 consimiliter
328 3047 409 3096 etiam
428 3046 544 3097 Paschae
562 3046 695 3098 vocabulo
714 3048 852 3118 appellare
876 3045 1012 3106 solebant,
1039 3044 1164 3094 nimirum
1182 3043 1217 3094 ab

129 3117 187 3166 eiua
207 3132 327 3184 vespera.
348 3133 411 3166 nam
423 3118 486 3186 quia
505 3117 672 3168 mactabatur
689 3135 771 3186 agnus
785 3127 814 3170 et
831 3116 1015 3168 infermentati
1026 3131 1109 3184 panes
1127 3131 1218 3166 come-

130 3184 265 3238 debantur
282 3187 340 3257 ipsa
358 3185 415 3238 diei
432 3187 529 3239 decimi
543 3189 632 3258 quarti
649 3205 769 3257 vespera,
789 3189 885 3240 iccirco
901 3190 981 3238 etiam
998 3186 1055 3237 dies
1075 3184 1120 3236 hic
1135 3201 1219 3255 quar.

129 3263 175 3308 tue
195 3256 314 3309 decimus
332 3265 391 3309 tuan
410 3257 525 3310 Paschae
553 3268 610 3309 turn
629 3277 778 3325 azymorum
797 3275 895 3310 nomen
914 3257 1039 3309 habebat.
1059 3255 1108 3307 har
1126 3265 1218 3307 autern

130 3329 328 3396 appellationes
345 3338 373 3380 et
388 3346 501 3398 magnae
520 3331 732 3400 praeparationis
753 3330 808 3382 diei
826 3329 909 3380 tribui
926 3329 1014 3380 solere
1035 3325 1219 3396 deprehendi-

129 3415 199 3449 mus.
218 3407 247 3450 et
269 3401 403 3464 animum,
429 3401 451 3451 si
470 3402 565 3465 lubet,
594 3402 628 3452 iis
646 3401 780 3453 advertito
798 3417 868 3471 quae
886 3399 983 3450 dicturi
1002 3415 1100 3450 aurunt.
1117 3399 1218 3467 primus

130 3485 283 3535 azymorum
301 3471 359 3522 dies
384 3479 495 3524 vocatur
517 3489 613 3541 magna
639 3472 735 3541 quinta
755 3473 835 3532 seria,
856 3471 952 3540 utqui
972 3468 1043 3519 diem
1065 3485 1218 3534 azymorum

128 3542 252 3610 proxime
272 3541 452 3595 antecederet.
483 3541 710 3614 quemadmodum
727 3544 798 3594 enirn
816 3543 921 3593 Marcus
945 3556 1055 3604 magnae
1073 3555 1219 3610 praepara·

128 3611 213 3662 tionis
230 3610 303 3663 diem
328 3615 435 3667 vocarit
462 3613 685 3676 antesabhatum,
710 3615 750 3664 uti
769 3629 837 3684 quae
865 3613 1008 3663 sabbatum
1027 3611 1218 3680 praecederet,

129 3683 170 3732 aic
191 3690 220 3735 et
247 3701 368 3753 magnam
396 3685 473 3736 iiiam
496 3687 619 3756 quintam
641 3685 735 3736 seriam
753 3683 907 3736 Matthaeus
933 3683 1045 3752 primam
1065 3697 1217 3748 azymorum

129 3752 215 3816 dixit,
232 3755 273 3806 nti
293 3772 364 3825 quae
395 3771 549 3822 azymorum
568 3755 626 3808 dies
644 3757 764 3825 proxime
782 3752 969 3806 antecederet:
988 3755 1026 3804 sic
1045 3753 1116 3804 enisu
1137 3768 1219 3803 aurea

128 3823 222 3892 lingna
240 3826 380 3895 praeditus
396 3836 489 3878 orator
508 3828 572 3879 colli
591 3829 620 3878 ic
633 3826 730 3879 eodem
753 3824 835 3881 modo
852 3823 937 3876 Lucas
956 3824 1037 3875 etiam
1056 3823 1149 3875 dicens
1169 3821 1219 3874 ad·
1270 3818 1278 3839 ⁸

128 3903 269 3960 ventam,
286 3894 338 3949 hoc
355 3906 396 3949 eat
412 3898 560 3968 appetiisse
592 3900 643 3950 'em
661 3914 831 3964 azymorum,
850 3896 1002 3964 significare
1019 3911 1126 3964 prorant
1147 3893 1218 3946 idem

128 3965 206 4035 quod
224 3967 381 4020 Matthaeus
407 3969 504 4021 voluit
528 3968 648 4039 deniqne
665 3967 801 4020 Iohannes
825 3983 884 4019 cum
903 3976 966 4018 ante
984 3965 1101 4017 Paschae
1121 3966 1218 4017 sertum

129 4053 224 4087 cenam
252 4047 388 4109 peractam
414 4039 523 4105 scribit,
551 4041 622 4093 diem
644 4039 859 4110 praeparationis
876 4037 929 4090 hoc
948 4035 1065 4089 Paschae
1085 4035 1218 4090 vocabulo

130 4106 254 4159 denotat„
272 4109 338 4161 iicet
368 4110 421 4161 hoc
443 4109 478 4162 de
498 4111 588 4163 verbis
613 4111 686 4181 apud
714 4111 801 4181 ipsum
821 4109 949 4178 deinceps
967 4108 1095 4161 subiectis
1114 4106 1218 4159 inteili-

130 4193 203 4246 asre.
220 4179 260 4231 aie
277 4183 348 4234 enim
366 4183 405 4234 ait
425 4181 496 4252 „ipsi
522 4183 552 4236 in
569 4183 735 4254 praetorium
755 4199 811 4236 non
841 4181 994 4244 intrarunt,
1010 4196 1044 4234 ne
1062 4179 1218 4250 potlnerea·
