2742 4617
172 207 253 292 186
498 231 718 298 urcitanus
748 230 911 296 cuncta

165 391 221 466 ξαν
253 387 317 450 τάν
351 385 499 466 πατόραν
528 379 732 470 φρονήματος
750 383 860 468 πόρρω
884 406 945 448 πον
979 389 1133 450 πίπτοντα
1154 386 1259 452 ταῦτα

166 489 347 568 διέγνωμεν.
399 482 446 568 μὴ
475 484 581 548 τοόννν
610 488 645 548 ἐν
671 481 855 572 παραδεόσῳ
883 486 1003 566 βρῶσιν
1019 477 1102 550 εἶναι
1123 481 1260 571 ῥευστὴν

166 581 390 666 ὑπολάμβανε,
422 584 505 668 μηδὲ
526 587 635 667 ξηραῖς
657 578 743 650 σάτα
764 589 834 658 ταῖς
854 591 1027 667 γραφικοῖς
1047 580 1186 668 πρόσεχε
1208 586 1261 649 λό-

82 701 114 754 v.
125 702 159 770 γε
168 685 263 764 ξεσιν,
285 681 349 768 εἴγε
370 686 566 764 καὶμᾶλλον
587 684 679 764 ἔτερα
703 683 744 746 δι’
764 678 921 766 itinerari
945 677 1020 766 άγόα
1041 683 1190 761 πολλάκις
1210 686 1261 749 δι-

134 779 280 850 Βδάσκει
298 781 422 868 γραφή.
474 780 584 848 όποῖσν
603 779 644 864 δη
668 784 725 846 κεῖ
749 777 784 846 τό
816 777 955 861 ,ἔπλασε
977 779 1034 847 τόν
1055 775 1225 868 όνθραπον
1243 781 1290 855 ό5

166 882 245 957 θεός
278 884 358 964 χοῦν
376 880 485 964 λοβόν
503 878 567 946 άπό
588 884 646 966 τῆς
665 883 756 964 γῆς,”
786 883 842 944 καῖ
860 877 897 944 τό
921 879 1136 968 ,διεφόρησεν
1155 881 1201 958 εἰς
1223 879 1261 946 τό

167 979 338 1065 πρόσωπον
371 982 472 1046 αότοό
503 978 603 1065 πνοὴν
637 983 757 1065 ζωῆς,”
784 977 838 1045 κατ’
865 975 900 1044 τό
919 979 1127 1066 ,περιεπάτει
1147 979 1165 1045 ό
1186 977 1263 1056 θεός

167 1083 203 1146 όν
220 1086 264 1169 τῷ
282 1081 466 1167 παραδείσῳ
484 1077 563 1145 κατά
583 1076 790 1149 τό,δειλινόν.”
831 1082 934 1145 ταῦτα
955 1083 1015 1160 μὲν
1032 1078 1095 1166 γάρ
1118 1079 1261 1145 α’νοιίιεια

167 1181 213 1267 τῷ
229 1177 390 1268 ἀσωμάτῳ
409 1177 533 1254 πάντας
552 1183 618 1267 θεῷ
628 1203 639 1223 ·
661 1181 746 1262 λέγει
768 1181 805 1244 δὲ
823 1172 910 1260 όμας
930 1177 947 1263 ἢ
969 1175 1045 1262 άγόσ
1062 1181 1162 1244 ταῦτα
1181 1202 1261 1263 γρα-

169 1277 217 1368 φη
236 1285 307 1354 ταῖς
338 1277 431 1362 ἡμῶν
460 1277 644 1354 άσθενεόαις
665 1280 969 1361 σογταεαβαινονσα.
1011 1280 1067 1342 καί
1085 1275 1148 1363 γάρ
1169 1279 1200 1342 εἰ
1214 1275 1261 1362 μὴ
1276 1299 1314 1340 ιο

167 1379 261 1444 τοῦτο
278 1377 422 1460 δώσομεν
428 1426 439 1459 ,
458 1374 559 1442 πολλά
582 1377 659 1460 ἡμῖν
679 1376 931 1462 ἐπακολουθήσει
943 1374 984 1442 τά
1003 1370 1117 1444 eirena.
1156 1374 1261 1459 στόμα

168 1477 230 1563 γάρ
253 1479 342 1564 edrai
362 1473 578 1571 περιθήσομεν
598 1475 765 1561 χεῖράς’τε
785 1475 841 1540 καὶ
859 1475 977 1558 πόδας,
997 1479 1055 1542 καῖ
1073 1471 1134 1544 ὅσα
1153 1479 1264 1542 τοιαῖ-

87 1620 92 1629 .
168 1600 229 1643 τα·
252 1577 308 1640 καῖ
327 1575 387 1659 γάρ
409 1578 441 1640 εἰ
458 1572 504 1661 μὴ
527 1585 639 1660 χεῖρας
662 1569 749 1658 εἶχε,
771 1578 838 1652 πῶς
858 1575 975 1642 ἔπλασε
994 1573 1049 1642 τόν
1069 1569 1262 1663 ἄνθρακας

168 1679 200 1741 ei
221 1672 268 1758 μὴ
288 1672 392 1756 στόμα
413 1669 499 1758 εἶχε,
518 1678 587 1751 πῶς
605 1674 800 1763 ἐνεφύσησεν
830 1678 876 1754 εἷς
896 1674 930 1740 τὸ
950 1672 1119 1761 πρόσωπον
1140 1675 1263 1754 αότοό,·

168 1777 199 1842 ελ
216 1771 264 1858 μὴ
278 1772 380 1852 πόδας
397 1767 483 1857 εἶχε,
497 1777 565 1852 πῶς
584 1773 604 1859 ἧ
621 1773 731 1861 γραφὴ
745 1777 826 1860 λέγει
846 1782 1028 1860 περιπατεῖν
1049 1772 1145 1841 αότόν
1165 1775 1199 1840 ἐν
1220 1779 1263 1862 τῷ
1277 1775 1314 1838 ι5

89 1875 352 1963 αρειιαραδεῖσῳ
367 1870 446 1939 κατά
465 1872 501 1940 τό
522 1871 673 1955 δειλινόν,
692 1876 762 1940 αλλ’
782 1875 839 1940 oda
859 1872 928 1940 ἔστι
948 1877 1061 1957 τοῦτο,
1084 1874 1142 1940 οόκ
1161 1873 1263 1941 ἔστιν·

168 1971 295 2060 ἔφθασε
311 1972 371 2058 γάρ
392 1971 488 2040 dreia
510 1972 609 2057 άγῖαν
620 1977 768 2060 πατέρων
777 1972 876 2060 χορός
896 1975 1041 2039 ἐπελθεῖν
1061 1970 1101 2040 τά
1125 1975 1262 2040 τοιαῦτα

167 2079 243 2139 θεῖα
264 2071 372 2158 ῥητά,
393 2073 450 2138 καὶ
468 2073 597 2153 διδάξαι
630 2073 715 2158 ἡμᾶς
737 2069 823 2151 darer,-
842 2074 1051 2155 ἐκλαμβάνειν
1072 2068 1155 2139 αότά
1175 2071 1262 2159 χρή,

165 2171 224 2238 xci
239 2171 285 2258 μη
305 2176 348 2258 τῷ
369 2174 472 2260 οἰκεόιρ
491 2171 648 2256 θελήματι
668 2174 951 2258 παροσορομδνοος
972 2169 1134 2238 dilaudat
1149 2196 1184 2240 τε
1205 2199 1264 2238 κα-

168 2271 208 2338 τά
233 2275 381 2355 κρημνῶν
402 2272 532 2357 καὶτῆς
554 2265 686 2346 εόθεόας
706 2269 817 2356 πόρρω
839 2293 902 2336 πον
926 2273 1094 2358 φέρεσθαι.
1271 2301 1314 2342 20

253 2364 348 2434 Οότω
373 2371 434 2448 μὲν
463 2362 520 2434 οόν
540 2369 597 2435 καῖ
614 2372 691 2454 περὶ
709 2373 768 2434 τοῦ
788 2373 894 2456 φυτοῦ
915 2373 1053 2454 ε’κεόνοο,
1088 2373 1143 2438 τοῦ
1165 2367 1261 2452 ξόλον

169 2464 315 2554 δηλονότι
342 2471 400 2555 τῆς
426 2469 590 2554 γνάσεεος,
621 2471 828 2536 διανοεῖσθαί
844 2492 880 2536 σε
901 2462 1007 2558 άξιον,
1029 2468 1094 2556 εἴγε
1112 2473 1169 2540 καί
1188 2471 1267 2536 δια.-

169 2783 186 2819 a
202 2763 285 2818 nobie
304 2765 378 2818 inter
395 2760 503 2818 fabular
520 2765 668 2818 retulimus.
686 2763 862 2836 quamebrem
883 2765 970 2820 ictuc?
991 2767 1066 2836 qnod
1083 2783 1099 2820 a
1119 2773 1192 2820 recta
1210 2765 1261 2818 de-

169 2838 272 2890 ctrinae
296 2845 403 2906 patrum
422 2837 557 2889 uenientia
577 2837 673 2907 procul
698 2854 730 2888 ea
749 2837 874 2890 recedere
893 2838 1081 2890 indicaremus.
1100 2855 1183 2922 qtrare
1202 2838 1261 2892 noli

169 2908 262 2960 cibum
284 2907 314 2958 in
343 2906 467 2977 paradiso
484 2907 585 2960 iluxrun
604 2909 772 2974 exietimare,
798 2926 852 2960 nec
868 2909 973 2978 ecriptia
992 2908 1061 2960 adeo
1082 2910 1182 2962 ieiunia
1201 2911 1261 2960 ani-

167 2996 240 3032 mum
259 2975 378 3042 adverte,
405 2977 514 3049 quaudo
541 2978 650 3031 litterae
668 2997 759 3032 sacrae
786 2979 893 3050 saepius
916 2980 969 3031 alia
984 2995 1034 3049 per
1049 2979 1103 3030 ab'a
1120 2977 1262 3032 declarant

169 3059 252 3119 atque
276 3047 383 3102 docent
403 3051 462 3102 eiua
484 3051 590 3118 generis
610 3059 673 3104 runt
692 3049 743 3102 bae
761 3067 839 3102 vocer
867 3049 946 3122 (Gen.
966 3066 981 3100 a
1001 3051 1028 3122 7)
1047 3051 1191 3114 „formavit
1208 3050 1262 3102 ho-

168 3122 270 3172 minem
290 3119 356 3171 deur
377 3128 484 3190 rumpia
503 3119 538 3171 de
554 3130 626 3173 terra
643 3121 780 3191 pulvere.''
804 3122 871 3173 item
888 3121 937 3172 iila
953 3119 1034 3192 (Gen.
1051 3123 1066 3172 3
1086 3123 1113 3192 8)
1129 3121 1262 3186 „adflavit

170 3193 200 3244 in
218 3191 313 3242 taciem
336 3191 395 3242 eiua
424 3190 550 3260 spiritum
576 3192 711 3244 vitalem.”
740 3199 769 3244 et
791 3191 858 3244 haec
880 3189 1084 3256 „inambulabat
1110 3191 1260 3243 ameridie

171 3260 239 3314 deur
249 3262 278 3316 iu
296 3261 447 3331 paradit0.’'
464 3280 525 3314 nam
537 3263 621 3314 istaec
633 3280 742 3332 proreua
760 3263 812 3316 deo
829 3264 947 3332 corporie
965 3263 1069 3331 experti
1086 3279 1142 3314 non
1160 3278 1262 3314 conue-

170 3333 260 3396 niunt,
298 3349 349 3384 uae
368 3341 459 3384 tamen
474 3333 514 3384 ita
532 3332 641 3385 litterae
659 3351 765 3398 eacrae,
782 3332 967 3386 imbecillitati
984 3341 1090 3384 nostrae
1109 3341 1195 3384 cernet
1213 3349 1261 3384 ac-

170 3349 381 3466 commodantee,
399 3403 580 3474 protulerunt.
600 3405 652 3456 nisi
670 3405 743 3456 enim
759 3403 812 3456 boc
833 3403 941 3468 demus,
957 3402 1074 3455 absurda
1090 3405 1176 3456 muita
1194 3417 1263 3456 con·

99 3484 110 3502 ⁸
170 3483 329 3544 aequentur.
343 3476 469 3526 nimirum
487 3492 518 3526 οε
544 3474 596 3526 deo
614 3475 767 3527 tribuemus
788 3484 817 3528 et
833 3491 926 3527 manua
947 3483 975 3526 et
992 3473 1076 3543 peden
1094 3476 1202 3545 aliaque
1218 3483 1262 3527 ta-

169 3544 216 3598 lia.
234 3563 297 3596 nam
314 3546 337 3596 ri
360 3545 484 3597 manibus
503 3547 627 3609 carebat,
648 3547 697 3616 qui
714 3544 835 3616 fingebat
854 3544 1010 3598 hominem?
1028 3546 1052 3597 ei
1067 3562 1115 3597 ore
1133 3545 1263 3608 carebat,

170 3616 220 3684 qui
239 3615 358 3668 adflabat
385 3615 528 3669 infaciem
547 3617 626 3670 eine?
656 3618 680 3668 ri
698 3616 813 3687 pedibus
844 3616 966 3680 carebat,
994 3632 1040 3668 cur
1058 3619 1135 3668 aiunt
1151 3617 1262 3668 litterae

170 3701 262 3738 tarrae
278 3686 308 3738 in
325 3687 450 3756 paradiso
474 3703 536 3738 eum
554 3705 570 3738 a
586 3687 701 3740 meridie
728 3687 931 3740 inambulaaee?
949 3694 979 3739 at
996 3687 1068 3738 enim
1087 3687 1155 3739 baec
1173 3687 1263 3738 omui-

169 3771 206 3806 no
226 3757 315 3808 locum
336 3775 391 3809 non
412 3757 523 3810 babent
544 3768 618 3810 nam‘
632 3776 768 3811 sacrorum
785 3757 833 3810 ilie
850 3767 956 3827 patrum
976 3767 1069 3810 coctue
1087 3758 1260 3828 supervenit,

170 3825 219 3896 qui
236 3824 394 3881 huiuamodi
418 3829 491 3883 dicta
509 3840 663 3893 enarraret,
691 3847 795 3900 noeque
822 3828 1009 3898 doceretque
1038 3827 1087 3880 iila
1105 3839 1184 3899 pacto
1205 3830 1263 3880 sint

170 3896 345 3966 accipienda,
372 3915 408 3950 ne
424 3919 473 3971 pro
500 3900 614 3953 arbitrio
638 3901 784 3970 lubituque
802 3908 895 3952 noetro
916 3899 1072 3953 oberrantes
1090 3917 1139 3970 per
1156 3900 1261 3970 praeci-

170 3967 240 4037 pitia
258 3967 456 4022 collaberemur
472 3988 505 4023 ac
521 3973 616 4041 procul
633 3990 649 4023 a
664 3972 709 4024 via
727 3979 798 4024 recta
816 3970 1027 4023 deflecteremus.

241 4037 286 4089 Sic
306 4054 368 4106 ergo
387 4038 422 4089 de
439 4041 535 4094 arbore
562 4043 724 4112 cognitionis
743 4043 895 4095 existimare
921 4051 949 4094 te
967 4059 1016 4111 par
1033 4047 1091 4104 eet,
1112 4042 1178 4093 licet
1198 4041 1260 4109 opi-

170 4109 285 4164 nionum
303 4106 445 4161 diuersitas
462 4111 594 4181 quaedam
623 4113 733 4167 incidat.
753 4113 858 4168 divinar
873 4113 983 4185 quidem
1002 4113 1051 4166 ille
1069 4113 1122 4176 uir,
1140 4109 1259 4164 tridnrur
