2742 4617
408 275 646 340 ·annauur1
677 277 779 340 rans
807 281 832 338 1.
1113 249 1171 360 93

86 427 184 508 μένην
214 418 364 505 κατάραν.
416 421 526 508 ἐπειδή
554 423 614 506 γάρ
647 428 791 510 προεῖδεν
821 419 838 486 o⁸
869 423 942 498 θεὸς
975 417 1023 486 ὅτι
1044 422 1173 486 dadraei

88 517 193 606 ὄφεως
220 519 461 605 άπατηθήσεται
491 517 507 584 ὁ
539 514 706 605 ἅνθρωπος
734 525 909 588 κάντεῦθιν
935 518 1031 596 αὐτὸς
1061 511 1173 606 dispar

85 623 151 710 άρᾴ
169 622 388 698 άπιπεσεῖται,
412 617 523 684 τούτου
536 620 634 704 χάριν
653 624 798 705 εὐλογίας
822 622 955 698 άξιαῖσαι
975 618 1013 686 τά
1033 629 1171 704 χερσαῖα
1194 629 1198 637 ’

84 722 145 784 oo'x
167 718 329 809 ἔφθασεν,
353 720 405 783 ἵνα
435 717 480 803 μή
503 720 648 806 εὑρεθείη
678 719 718 786 τά
739 718 822 786 oded
844 722 980 802 (άλοχῶν
1000 719 1054 784 καί
1074 745 1169 784 κατα-

56 817 243 903 δράμενος,
264 818 308 894 οἱς
330 814 493 894 θειότατός
514 844 610 905 φησιν
633 817 848 898 Ἀναστάσιος.
900 819 970 884 ἀλλ’
990 815 1007 902 ή
1029 825 1087 899 μὲν
1108 822 1251 884 sedavit

80 917 316 1004 ι’χθὺωνφάσις
331 919 553 1002 εὐτελεστέρας
575 923 663 983 δοκεῖ
680 923 823 1004 μετέχειν
844 922 925 1002 ζωῆς
945 917 1049 983 διὰτὸ
1073 920 1106 984 ἐν
1130 921 1169 1007 τῇ

82 1021 241 1102 παχύτητι
260 1022 316 1084 τοῦ
336 1012 450 1092 ὕδατος
467 1020 669 1084 διαιτᾶσθαι·
690 1018 744 1084 καί
761 1019 820 1104 γάρ
844 1017 922 1102 άκοή
944 1021 1018 1102 παρ’
1041 1021 1168 1094 ἐκείνοις

79 1123 216 1202 βαρεῖα,
248 1121 304 1182 καί
333 1115 452 1202 ὁρῶσιν
482 1112 606 1200 άμβλύ,
635 1120 690 1182 κατ’
707 1114 778 1184 οὔτε
799 1143 844 1194 τις
863 1118 972 1203 μνήμη
996 1122 1068 1201 παρ’
1088 1121 1249 1196 daei-Rip

80 1240 149 1292 νοις
169 1209 243 1282 οὔτε
263 1219 424 1303 φαντασίαι
441 1210 510 1281 οὔτε
531 1214 690 1301 συνήθους
714 1219 887 1301 ἐπίγνωσις.
928 1220 982 1282 ἐπί
1001 1221 1035 1284 de'
1050 1241 1084 1301 χε
1102 1227 1165 1292 τοῖς

40 1341 73 1380 ιο
78 1319 245 1398 χερσαίαις
261 1319 299 1380 τί
311 1315 377 1399 χρή
402 1317 458 1380 καί
475 1321 596 1399 inpete,-
618 1319 655 1380 αἲ
671 1341 706 1380 τε
724 1317 785 1402 γάρ
810 1318 974 1402 αἰσθήσεις
994 1317 1164 1402 τετράνων-

80 1439 155 1497 ται,
180 1419 238 1480 καί
256 1409 396 1498 α’κριβεῖς
416 1419 539 1497 μνῆμαι
566 1420 629 1480 τῶν
651 1417 870 1497 παρελθόντων
892 1419 926 1481 ἐν
945 1417 1059 1492 αὐτοῖς.
1100 1410 1163 1480 cide

77 1512 139 1597 τήν
160 1510 284 1599 συνήθη
305 1512 414 1599 φωνήν
435 1512 451 1578 ὁ
474 1507 563 1596 ὄνος,
587 1511 669 1578 οἶδεν
691 1513 765 1598 ὁδὸν
788 1515 825 1600 ήν
844 1519 994 1592 πολλάκις
1017 1513 1161 1598 ididiae,

77 1618 142 1678 καί
156 1637 219 1678 πον
238 1614 294 1679 καί
311 1612 422 1698 topic
442 1617 537 1680 ἐνίοτε
557 1618 834 1706 compatereris»
853 1615 1008 1704 ἀνθρώπῳ
1028 1618 1160 1699 γίνεται·

76 1712 114 1778 τά
135 1717 174 1778 δὲ
194 1713 340 1799 σ’ξυήκοον
361 1717 421 1778 τοῦ
442 1715 523 1793 ζώου
548 1717 640 1792 ονζθὲν
661 1709 736 1778 ἄλλο
754 1739 784 1780 τι
809 1719 928 1798 λέγεται
948 1721 1011 1780 τῶν
1030 1720 1162 1800 χερσαί-

34 1815 123 1877 ι5ων
143 1813 245 1897 ἔχειν.
265 1813 301 1878 τὰ
325 1817 360 1879 δὲ
380 1817 442 1879 ταῖν
457 1812 604 1898 καμήλων
613 1815 803 1899 μνησίκακον
822 1817 877 1880 καί
894 1814 1055 1900 βαράμηνι
1070 1819 1160 1898 (λιαρ-

74 1918 127 1988 κὲς
161 1911 246 1997 πρὸς
272 1913 367 1998 σ’ργήν
396 1919 462 1991 πῶς
483 1908 521 1978 άν
540 1938 586 1988 τις
607 1913 698 2001 εἴπης
718 1912 816 1979 πάλαι
839 1918 913 1980 ποτὲ
935 1923 1086 1998 πληγεῖσα
1106 1916 1160 1978 κά-

74 2020 187 2096 μηλος,
211 2017 327 2102 μακρῷ
336 2015 441 2102 χρόνῳ
454 2017 689 2097 ταμιευσαμὲνη
706 2012 764 2098 τήν
783 2017 887 2096 μῆνιν,
907 2011 1038 2078 ἐπειδάν
1053 2015 1160 2076 (ν’και-

74 2113 148 2192 ρίας
166 2108 321 2196 λάβηται,
341 2110 376 2177 τά
392 2111 489 2177 κακὰν
510 2107 704 2184 άντιάιάωσι.
742 2111 905 2178 τοῦτοκαὶ
920 2115 974 2177 ἐπί
993 2114 1160 2198 ἐλέφαντος

73 2209 298 2294 ἱστορούμενον
324 2208 469 2296 εὕρομεν.
517 2215 590 2276 ποτὲ
624 2209 687 2295 γάρ
722 2213 766 2289 εἰς
793 2209 1004 2298 ἱπποδρομίαν
1040 2211 1181 2298 diriperet}
1284 2241 1297 2268 s

29 2295 274 2394 τοάπαχόμενος
305 2311 516 2396 καταλλάκτην
537 2311 604 2377 τινά
626 2311 805 2395 καθήμενον
825 2310 858 2376 ἐν
876 2313 921 2398 τῷ
941 2314 1034 2400 μιλίηι
1055 2310 1154 2398 φόνου

73 2415 225 2496 πεποιηκε
242 2411 463 2495 παρανάλωμα
483 2407 537 2475 aad
557 2404 620 2475 ταῖν
639 2408 774 2476 ὀδόντων
796 2412 896 2476 edroi
905 2459 914 2490 ,
935 2405 1071 2486 άναιάῶς
1091 2437 1156 2488 πως

70 2516 129 2576 καί
150 2511 289 2587 α’τάκτως
308 2509 452 2596 ὁρμήσας
466 2515 533 2576 κατ’
551 2513 661 2576 adteri.
704 2507 738 2576 τὸ
762 2512 792 2573 d’
811 2505 909 2574 αἴτιον
930 2504 979 2575 ὅτι
1000 2511 1060 2595 πρὸ
1082 2515 1155 2576 δέκα

148 2697 176 2748 θ.
194 2691 296 2768 ὅρασις
313 2687 438 2768 α’μβλυκή
458 2696 487 2748 F.
590 2711 615 2762 9.
635 2692 701 2750 οὔτε
718 2694 772 2750 τοῦ
789 2695 953 2760 nesciinus?

69 2883 145 2936 qnae
171 2883 229 2918 raon
253 2867 339 2920 multo
357 2874 420 2936 post
443 2867 587 2918 subsecuta
608 2875 655 2919 eat.
673 2884 734 2918 nam
753 2867 818 2936 quia
836 2867 955 2919 futurum
976 2867 1156 2936 prospiciebat

69 2939 139 2989 deus
159 2946 190 2988 ut
208 2935 288 2988 Ιιοιοσ
305 2955 355 3006 per
372 2947 525 3007 serpentem
542 2937 712 3006 deciperetur
730 2955 815 3008 eaque
835 2938 869 2990 de
887 2955 965 2990 causa
982 2955 1091 3006 serpena
1110 2954 1156 2989 ex-

70 3008 219 3059 secrationi
243 3007 437 3072 subiiceretur,
461 3010 558 3060 iccirco
577 3017 716 3060 terrestree
740 3007 839 3060 bestias
858 3009 1048 3078 imprecatione
1070 3009 1156 3060 fausta

70 3079 162 3130 noluit
178 3079 255 3147 prius
274 3078 396 3148 dignari,
412 3096 447 3131 ue
466 3078 717 3148 deprehenderetur
736 3079 829 3132 eadem
849 3089 877 3132 ct
892 3081 1083 3149 imprecatione
1098 3081 1156 3130 sarn-

69 3159 108 3200 ata
125 3157 155 3200 et
177 3151 365 3201 exsecratione
387 3151 530 3220 prosequi,
554 3151 624 3202 sicut
647 3151 685 3201 ait
714 3151 752 3200 vir
778 3151 884 3202 divinus
902 3153 1064 3203 Anartaeius.
1080 3151 1156 3203 vidc-

67 3228 113 3270 tur
139 3228 234 3272 autern
258 3229 356 3272 natura
378 3222 494 3290 piscium
519 3222 596 3272 tenui
647 3219 744 3271 eadam
770 3230 798 3272 et
825 3221 873 3272 vili
897 3223 1005 3274 urnnino
1027 3223 1082 3274 vita
1103 3223 1155 3273 irni

68 3301 215 3361 propterea
234 3291 312 3360 quod
330 3293 359 3344 in
388 3308 476 3361 aquae
493 3292 611 3342 crassitie
627 3238 738 3358 degant.
757 3307 818 3342 nani
838 3301 866 3344 et
884 3294 968 3360 gravia
986 3311 1017 3344 ac
1038 3293 1155 3344 difficilis

68 3371 109 3413 est
136 3361 215 3432 apud
231 3362 307 3431 ipsus
325 3361 443 3424 auditio,
460 3372 489 3416 et
503 3361 629 3413 obtusum
642 3369 763 3413 cernunt.
788 3379 838 3414 nec
856 3363 1005 3415 recordatio
1025 3371 1066 3414 est
1083 3365 1155 3432 apud

68 3431 139 3499 ipone
161 3432 221 3483 utta
244 3450 296 3484 nec
313 3433 471 3500 imaginatio
501 3444 551 3484 nec
568 3433 607 3484 rei
630 3441 775 3482 consuetae
795 3434 903 3501 agnitio.
922 3442 1028 3485 atvero
1047 3433 1081 3484 de
1101 3443 1154 3484 ter-

68 3503 201 3554 restribus
226 3502 295 3572 quid
320 3520 388 3571 opus
408 3512 449 3554 est
474 3503 560 3554 muita
578 3503 805 3554 commemorare?
832 3511 895 3554 arant
911 3501 952 3554 iris
970 3519 1042 3553 acres
1060 3519 1153 3554 sensns

65 3579 98 3622 et
113 3573 429 3644 rerumpraeteritarum
447 3573 655 3625 recordationes.
673 3573 751 3625 novit
769 3589 861 3624 vocem
883 3582 1036 3626 consuetam
1053 3571 1106 3623 sibi
1123 3589 1153 3622 ac

63 3643 228 3694 familiarem
253 3644 353 3694 asinus.
379 3644 458 3696 novit
480 3644 550 3696 viam
568 3659 648 3712 quam
665 3644 774 3711 saepius
794 3644 882 3706 trivit,
909 3659 939 3693 ac
959 3659 1151 3712 nonnunquam

63 3719 148 3765 etiam
165 3716 226 3766 viae
254 3713 311 3765 dux
329 3722 372 3766 est
393 3713 514 3777 homini,
533 3715 583 3783 qui
608 3713 750 3764 aberravit
773 3713 882 3764 auditus
899 3721 989 3764 autem
1009 3715 1152 3766 acrimonia

61 3793 137 3836 nata
157 3786 186 3836 in
202 3783 257 3836 hoe
275 3793 319 3837 est
335 3785 446 3836 animali
464 3794 566 3854 quanta
586 3801 644 3836 essa
661 3785 691 3834 in
711 3783 764 3834 aiio
783 3783 859 3834 nullo
879 3783 1043 3836 terrestrium
1061 3784 1153 3854 periri-

60 3855 151 3906 διατι.
171 3856 202 3907 iu
224 3855 328 3906 camelo
346 3871 416 3924 quae
434 3856 593 3907 iniuriarum
608 3857 645 3908 sit
664 3853 810 3916 memoria,
829 3869 899 3922 quae
918 3852 1064 3916 iracundia,
1082 3871 1152 3924 qnae

59 3927 89 3977 ia
105 3929 148 3978 ira
177 3927 376 3996 perseveratio,
403 3943 457 3995 quo
481 3935 562 3995 pacto
588 3926 649 3996 quis
677 3923 817 3993 explicet?
844 3923 867 3974 si
884 3923 928 3974 vel
946 3924 1152 3980 olimverbern-

59 4005 103 4047 raa
123 3999 176 4060 sit,
198 3996 241 4048 ira
259 3995 389 4048 diuturno
409 4006 532 4066 tempore
556 3997 640 4049 veluti
662 4012 733 4064 penu
753 3991 871 4062 quodam
891 3994 1041 4058 recondita,
1058 4013 1152 4065 quarn-

59 4069 177 4134 primum
196 4083 226 4118 se
245 4067 436 4136 opportunitas
454 4067 600 4130 obtulerit,
627 4067 712 4118 vicena
731 4063 820 4116 refert.
840 4063 874 4115 de
893 4065 1037 4135 elephanto
1057 4065 1153 4117 huius.⁴

57 4139 130 4192 nodi
153 4136 290 4210 quiddam
315 4139 462 4192 memoriae
478 4137 616 4210 proditura
642 4135 798 4208 reperimus.
819 4151 880 4188 cunr
897 4137 926 4188 in
943 4135 1150 4208 hippodromum
