2742 4617
171 256 201 339 6
502 280 719 345 reuersurus
750 280 913 347 esseae

170 426 280 513 treats}
299 426 362 512 γάρ
395 426 434 493 τά
455 428 590 511 θεμέλια
618 431 867 514 ναεαβάλλονεαν
885 432 1057 517 πρότερον,
1078 422 1140 497 εἶθ’
1155 426 1259 506 οὕτως

170 528 189 595 ὅ
210 523 337 616 ὄροφος,
358 523 424 592 ἔδει
443 526 569 605 πάντας
581 532 790 616 παραχθῆναι
810 528 867 613 τὴν
886 533 945 617 γῆν
961 528 1018 595 καί
1039 528 1114 597 τότε
1134 527 1187 597 τὸν
1203 526 1260 595 οὗ·

170 626 275 716 ρανάν.
301 622 381 691 άλλά
403 624 448 711 μὴ
470 626 618 712 θαύμαζε
645 629 757 695 τούτου
777 632 889 701 ἕνεκεν.
940 628 1049 714 tusses>
1069 626 1130 715 γάρ
1151 625 1256 695 πάντα

167 732 227 796 ruri
253 725 336 793 θεοῦ
358 722 439 812 ὑπὲρ
461 726 560 813 φάσιν
586 727 656 795 ἐστι’
680 728 737 793 καί
765 729 876 814 τέχνης
904 730 1115 812 ὠιολοοθάιν,
1146 728 1258 794 καινάν

167 825 294 903 πάντας
314 826 409 892 ον’δὲν
443 824 506 911 εἴγε
537 827 592 893 καί
612 828 666 893 εἀἰ
684 830 739 912 τῆς
757 832 814 894 τοῦ
831 826 952 911 κόσμου
970 828 1085 894 satirae
1104 832 1284 913 ααραγαὸ

165 933 224 1015 γῆς
244 925 301 992 τὸν
326 922 463 1010 ου’ρανὸν
484 927 609 1011 εἰιοιήοε
623 924 793 1013 πρότερον,
817 921 885 993 εἶτα
902 927 963 1013 τὴν
983 930 1051 1012 γῆν.
1092 925 1150 992 καί
1169 924 1256 993 οάτοο

165 1030 225 1109 μὲν
246 1024 264 1091 ά
284 1024 448 1101 θειότατος
465 1024 632 1111 Ἰωάννης·
687 1030 790 1111 ἕτεροι
810 1029 846 1092 δέ
865 1050 964 1113 φασιν
985 1023 1036 1094 ὅτι
1055 1024 1074 1091 si
1093 1028 1257 1110 a'psusori·

163 1150 243 1212 χνης
262 1122 340 1201 θεάς
365 1122 421 1190 τὸν
441 1126 579 1209 οάρανὸν
604 1122 757 1214 πρότερον
777 1123 970 1213 παραγαγών
977 1176 987 1209 ,
1004 1120 1075 1192 εἶτα
1097 1126 1157 1209 τὴν
1173 1128 1256 1209 γῆν,

165 1225 347 1312 άπάρρηεον
366 1224 468 1291 astrue
488 1228 606 1314 septbr
627 1230 683 1291 καί
702 1228 815 1312 τέχνην
825 1229 1036 1311 παρέστησεν.
1054 1223 1164 1310 ἐπειδὴ
1180 1222 1254 1310 γάρ,

40 1390 44 1399 ,
101 1322 208 1401 Ηώς
233 1324 251 1389 ὅ
273 1322 313 1389 τά
336 1330 411 1391 θεῖα
432 1323 532 1411 σοφὸς
551 1328 582 1391 Γ
578 1324 724 1411 ρηγάριος
743 1325 761 1391 i
782 1322 1032 1413 Νάσσηςφηοίν
1052 1320 1174 1390 irrisui
1198 1328 1255 1409 τῆς
1268 1346 1307 1391 ιο

165 1424 269 1504 ὀξείας
287 1425 436 1509 κινήσεως
463 1428 524 1489 τοῦ
545 1425 698 1510 οὐρανίου
728 1425 874 1511 σώματος
894 1423 1066 1511 ὲδράζεται
1088 1423 1166 1490 κατά
1186 1424 1255 1509 χά-
1295 1424 1303 1435 ’

164 1524 261 1609 ραςῆ
282 1528 323 1609 γῆ
343 1524 398 1589 καὶ
431 1524 657 1611 σοσφάγγεται,
677 1522 795 1612 ἔπρεπε
814 1524 939 1602 πάντας
958 1523 1013 1591 τὸν
1032 1525 1172 1607 οονοχέα
1192 1548 1255 1589 αα-

164 1626 329 1710 ροχθῆναι
349 1624 525 1709 πρότερον,
556 1618 625 1688 εἶτα
645 1621 700 1691 esis
718 1619 939 1705 συνεχόμενον.
981 1626 1013 1688 εἰ
1031 1625 1067 1689 tt
1087 1620 1144 1687 aut
1160 1624 1256 1689 πλέον

163 1719 375 1807 ἑααπορὴσειέ
394 1746 443 1799 τις
464 1723 625 1801 ἐνταῦθα,
648 1724 716 1797 πῶς
735 1722 756 1807 ἦ
776 1727 829 1807 γῆ,
852 1723 968 1806 λέγων,
989 1722 1049 1787 σάοι
1069 1722 1179 1806 ἐξέστη
1198 1722 1256 1807 τῆς

164 1824 283 1897 οἰκείας
303 1818 428 1902 βάσεως
462 1818 612 1905 άκινιὶτοο
631 1824 689 1885 τοῦ
711 1816 854 1907 οάρανοῦ
873 1819 1049 1906 γεγονότος,
1067 1815 1111 1895 sic
1132 1821 1167 1883 ἐν
1188 1824 1308 1896 τοῖςιό

164 1919 244 2005 πρὸς
267 1922 448 1987 Θαλάσσιον
471 1916 487 1983 ὅ
518 1922 618 2004 μέγας
639 1919 814 2004 Μάξιμος,
845 1920 937 2005 ἡνίκα
958 1919 975 1987 ὅ
1000 1922 1060 1987 τοῦ
1079 1920 1177 2003 Ναυῆ
1195 1918 1256 2001 Ἰη-

164 2021 243 2099 σοῦς
260 2016 347 2104 ἔλεγε
375 2020 498 2107 „serires
531 2018 548 2085 ὅ
570 2014 657 2104 ἥλιος
679 2018 759 2085 κατά
787 2022 820 2089 Γ
817 2022 909 2104 αβααῖ
927 2022 985 2085 καί
1004 2018 1025 2103 ἦ
1044 2014 1158 2103 σελήνη
1173 2017 1255 2084 κατά

74 2200 77 2205 ¹
164 2118 317 2207 φάραγγα
336 2114 492 2203 Αἰλάμ,”
522 2120 595 2185 τότε
625 2117 707 2204 πρὸς
737 2116 837 2185 αάεὸν
857 2120 993 2201 ἐροῦμεν
1009 2114 1059 2185 άει
1079 2113 1158 2183 ὅπου
1178 2114 1257 2200 βοά-

165 2232 254 2291 λεται
287 2226 304 2289 ὁ
330 2222 423 2306 θεάς,
454 2230 578 2291 νικᾶται
610 2224 739 2313 φάσεως
769 2221 867 2303 τάξις.
916 2227 948 2290 εἶ
964 2222 1028 2309 γάρ
1058 2227 1092 2291 ἐν
1112 2226 1151 2313 τῇ
1166 2226 1258 2307 χειρὶ

136 2326 267 2395 Buritani
286 2321 323 2388 τά
348 2326 469 2408 πέρατα
491 2328 546 2407 τῆς
563 2326 641 2408 γῆς,
663 2326 695 2390 εἰ
712 2327 769 2389 καί
787 2322 863 2400 τούς
885 2323 1022 2400 σιάλους
1040 2328 1098 2409 τῆς
1117 2328 1175 2409 γῆς
1195 2323 1310 2388 ssi-ao

164 2418 219 2499 τὰς
239 2423 427 2508 ε’στερὲοοσε,
447 2422 533 2489 καθά
555 2446 654 2510 φησιν
678 2418 697 2487 u‘
717 2426 843 2508 Δαβάδ,
865 2425 896 2490 εἰ
912 2428 1105 2507 tesaurum
1123 2421 1181 2509 τήν
1197 2426 1257 2508 γῆν

234 2604 262 2671 4.
278 2602 440 2658 άιάλουθον
456 2601 485 2654 F.

168 2748 250 2811 slere,
281 2746 330 2817 qui
358 2746 463 2799 eoelum
490 2748 565 2817 prius
591 2746 760 2812 condiderit,
787 2764 818 2801 ae
839 2746 940 2801 deinde
967 2754 1073 2800 terram
1103 2764 1165 2801 enm
1181 2748 1257 2802 eninr

166 2820 259 2891 priore
276 2818 338 2869 locu
358 2817 534 2870 fundamenta
558 2819 707 2882 iaciuntur,
726 2827 810 2889 atque
835 2821 874 2872 ita
893 2817 994 2870 deinde
1012 2819 1114 2871 tectum
1132 2822 1257 2889 impona-

167 2898 213 2943 tur
231 2888 374 2952 aedificiis,
394 2890 504 2941 omniuo
524 2897 596 2941 terra
612 2890 686 2958 prius
705 2889 735 2941 in
753 2899 842 2943 ortum
860 2888 1035 2960 producendas
1053 2898 1129 2954 erat,
1147 2908 1180 2941 ac
1196 2899 1257 2943 tum

169 2960 278 3013 demum
307 2960 413 3011 coelum
436 2975 546 3029 quoque
565 2958 719 3012 creandum.
736 2977 830 3013 verum
851 2961 932 3013 aliter
950 2960 1036 3029 egisse
1053 2960 1135 3013 deum
1150 2978 1258 3031 nequa-

169 3048 251 3101 quam
270 3030 322 3081 tibi
335 3031 433 3082 mirum
450 3029 581 3083 videatur.
605 3048 669 3083 narn
686 3048 748 3083 eum
766 3048 849 3101 opera
865 3032 953 3101 ipsius
973 3032 1065 3083 omnia
1084 3040 1198 3085 naturae
1215 3034 1258 3084 le-

168 3118 215 3170 ges
234 3100 367 3153 excedant
388 3108 417 3153 et
436 3116 544 3153 omnem
561 3103 626 3158 artis
643 3103 757 3166 seriem,
774 3104 845 3155 nihil
861 3120 970 3167 aarum,
987 3104 1010 3153 si
1027 3104 1110 3155 etiarn
1126 3104 1157 3155 in
1176 3120 1258 3155 mun-

169 3172 199 3223 sli
217 3172 353 3225 creatione
372 3170 478 3223 coelum
498 3173 589 3243 priore
606 3173 678 3237 loco,
696 3182 797 3226 terram
816 3172 936 3225 secando
955 3173 1087 3226 condidit.
1105 3173 1158 3225 hoe
1173 3173 1259 3225 modo

168 3242 279 3297 divinus
301 3242 350 3295 ille
366 3240 501 3295 Iohannes
522 3242 593 3297 bana
618 3242 818 3297 dubitationem
842 3244 995 3313 explicarit
1016 3244 1063 3295 alii
1080 3260 1144 3296 vero
1162 3244 1260 3297 dicunt

170 3312 251 3365 deum
271 3331 403 3367 summum
421 3314 551 3367 artificem
568 3316 684 3383 primum
708 3316 786 3369 coelo
803 3316 914 3367 ιοαάίιο
932 3314 1034 3368 deinde
1051 3324 1151 3367 terram
1168 3332 1259 3367 crear-

168 3400 216 3449 as,
243 3393 274 3437 ut
298 3385 351 3437 lroc
373 3386 433 3455 ipso
457 3386 624 3438 ineffabilem
648 3388 810 3457 sapientiam
831 3395 972 3456 artemque
1000 3403 1076 3438 suam
1098 3385 1258 3439 declararet.

168 3472 231 3507 nam
249 3473 308 3507 cum
333 3456 367 3509 de
384 3458 520 3510 sententis
543 3457 667 3527 Gregorii
683 3459 841 3526 Nyssensis,
858 3456 979 3509 bominis
997 3474 1086 3509 rernm
1104 3456 1259 3509 divinarum
1357 3490 1361 3499 ·

166 3528 340 3596 peritissimi,
369 3544 419 3598 per
454 3527 579 3580 eoelestis
603 3530 723 3599 corporis
746 3537 852 3581 motum
874 3528 1044 3580 celerrimum
1067 3544 1117 3579 ιαο
1141 3529 1173 3581 in
1194 3528 1258 3582 lace

166 3604 241 3649 terra
259 3598 414 3651 stabiliatur
431 3608 459 3653 et
479 3600 556 3669 quasi
574 3602 781 3670 constringatur,
808 3600 920 3651 omnine
937 3598 1119 3652 conveniebat
1136 3598 1165 3650 id
1177 3600 1258 3682 prius

169 3669 254 3720 creari
274 3670 349 3737 quod
367 3672 481 3722 alterum
499 3671 651 3723 contineret
677 3688 757 3741 quam
777 3669 851 3740 quod
868 3672 1061 3722 contineretur.
1085 3668 1186 3739 quodsi
1202 3670 1258 3723 im

169 3740 232 3808 quie
258 3739 375 3809 emplius
398 3740 521 3806 dubitet,
546 3743 594 3811 qui
619 3742 720 3794 sactum
747 3741 784 3793 sit
807 3749 839 3793 ut
854 3749 927 3793 terra
955 3740 990 3793 sle
1007 3740 1186 3793 fundamento
1205 3755 1257 3792 sno

168 3808 450 3875 montanismum,
481 3830 536 3883 quo
559 3820 682 3897 tempore
710 3811 815 3865 coelum
833 3828 890 3863 non
907 3808 1062 3881 agitabatur
1076 3822 1186 3866 motuve
1205 3826 1258 3863 sne

168 3880 310 3933 ferebatur
327 3879 409 3949 (bane
428 3884 498 3943 enirn
517 3893 707 3955 quaestionem
733 3881 847 3934 eximius
866 3883 916 3935 ille
933 3882 1065 3934 Maximus
1082 3884 1112 3933 in
1133 3883 1167 3933 iis
1185 3896 1258 3952 qnae

168 3950 205 4003 ad
223 3950 393 4003 Thalassium
417 3956 525 4025 scripsit
544 3958 645 4023 moret)
670 3955 733 4006 Iesu
748 3952 823 4006 Nare
839 3952 869 4005 F.
891 3952 1001 4006 &cente
1028 3952 1089 4015 „sol
1108 3952 1183 4023 apud
1201 3952 1259 4005 Ga·

167 4021 283 4073 baonern
302 4020 433 4074 subsistat
451 4034 479 4077 et
496 4027 560 4079 luna
579 4024 722 4078 adrsllem
730 4023 891 4088 teloneas
909 4024 937 4076 ei
954 4022 1189 4093 respondebimus,
1206 4023 1258 4075 ubi

169 4092 334 4156 tenuastis,
361 4092 483 4147 ordinem
501 4106 613 4149 naturas
636 4095 716 4148 vinci.
742 4112 806 4147 narn
821 4096 845 4148 si
864 4095 921 4147 eius
938 4095 968 4145 in
984 4110 1066 4147 manu
1085 4102 1150 4147 sunt
1165 4102 1258 4146 tarrae

167 4163 326 4231 unicust
354 4172 442 4220 terrae
460 4166 598 4223 columnas
623 4166 684 4240 ipse
713 4166 864 4234 stabilivit,
892 4174 925 4221 ut
939 4164 1057 4229 nautes
1075 4165 1216 4238 loquitur,
1230 4165 1257 4218 si
