2742 4617
442 271 656 338 ιιιιιιιιιιιι
684 271 787 336 rsus
817 273 857 334 ιι.
1105 248 1181 332 ι3ι

97 418 161 484 sori
178 418 291 504 ψῆφον
319 420 375 484 καί
397 419 494 501 μόνος
522 417 696 504 ἐξήνεγκεν,
717 415 764 486 ότι
792 421 936 503 μείζονος
955 417 1070 487 ὲαιιτόν
1090 419 1188 503 ἔδειξε

97 514 259 594 κολάσεως
285 510 374 596 ἄξιον
401 514 507 598 οότως·
520 518 618 585 εἰποόν
644 522 702 601 ,,ε’κ
723 522 759 586 tt
788 516 907 604 Λάμεχ
929 515 1189 607 ἑβδομηκοντάκις

98 625 210 683 mm„
691 662 694 670 v
1102 641 1108 658 ν

184 715 229 782 Et
251 717 288 782 όλ
329 716 453 782 κόκείνο
485 720 774 801 πολυπραγμονεῖς,
809 718 969 800 αἠωπητό,
1001 714 1077 804 ὅπερ
1108 719 1189 802 πρός

73 813 189 882 5Κόῖν
208 807 295 880 εἶπεν
322 809 339 879 ό
360 814 457 908 θεός,
487 811 540 879 ότι
562 821 626 892 πός
645 815 663 880 ό
692 815 876 892 ἀποκτείνας
899 816 988 880 Κόϊν
1005 813 1082 883 ὲπτόι
1104 821 1188 884 ε’κόι-

98 912 237 996 κοόμενα
251 911 442 998 παραλύσει,
464 911 482 978 ό
501 913 735 1000 χροσορρημων
752 913 893 998 Ἰωάννης
908 917 942 981 ἐν
962 920 1010 1004 τῷ
1028 923 1096 982 κατ’
1113 920 1186 984 ’qu-

100 1014 202 1080 όωίων
215 1015 297 1101 ,όκτηι
316 1011 397 1102 λόγηι
418 1013 537 1093 διδάξει
558 1037 595 1080 σε
613 1014 693 1080 κατὰ
714 1013 802 1100 ῥῆμα
829 1013 952 1094 διεξιοόν
973 1016 1100 1082 οότωσί.
1122 1017 1187 1103 ,μη

100 1114 218 1200 φοβοῦ,
239 1114 336 1198 φησί·
375 1110 478 1201 βιοόση
495 1113 566 1195 βίον
583 1110 727 1198 μακρόν·
768 1108 828 1181 κόν
847 1115 942 1202 α’νόλη
962 1119 1000 1180 σέ
1022 1141 1088 1206 τις,
1113 1125 1189 1182 πολ-

100 1218 172 1287 λοῖς
189 1208 281 1278 ἔσται
297 1209 464 1296 τιμωρίαις
481 1208 674 1288 όπεόθσνος.
715 1209 733 1277 ό
754 1210 817 1298 γὰρ
839 1205 917 1278 ἔπτὰ
939 1215 1079 1296 α’ριθμός
1098 1215 1223 1296 παρόΡ.
1237 1235 1284 1287 ιτ3

55 1311 140 1397 τοτῇ
155 1307 268 1397 γραφῇ
283 1311 465 1393 όόιοριλιτον
483 1307 625 1393 assium
644 1310 714 1378 iuri
733 1309 932 1396 σημαντικός.
957 1309 974 1374 ό
996 1311 1115 1380 α’νελιόν
1133 1337 1188 1396 σε,
1369 1303 1370 1310 ¹

100 1413 192 1496 φησί,
209 1407 266 1473 καί
283 1410 346 1474 ruis
363 1411 567 1492 ἐπικειμένων
579 1434 632 1475 σοι
646 1411 820 1490 α’πολλόξει
834 1412 1003 1494 κολάσεων,
1026 1407 1123 1490 αότός
1136 1416 1187 1500 ἐφ’

103 1501 221 1574 ἔαυτόν
242 1506 453 1575 ἐπισπάσεται
472 1507 530 1593 την
548 1508 716 1595 τιμωρίαν.
741 1512 797 1575 καί
817 1511 905 1574 δοκεῖ
919 1513 978 1593 μὲν
999 1507 1079 1576 εἶναι
1103 1513 1187 1597 βορό

98 1605 136 1672 τό
156 1601 336 1691 λεγόμενον,
356 1609 471 1692 πολλῆς
496 1611 531 1673 δὲ
547 1604 634 1690 όμως
653 1611 840 1694 κηδεμονίας
860 1611 938 1682 ἐστί.
958 1610 1014 1678 καί
1030 1609 1091 1695 γὰρ
1113 1610 1188 1688 τεός

96 1704 176 1788 μειό
198 1706 302 1772 ταῦτα
322 1706 519 1792 σωφρονίσαι
549 1704 742 1790 βουλόμενος
763 1710 906 1774 τοιοῦτον
926 1708 1075 1796 ἐπενόησε
1096 1707 1188 1776 κολό-

51 1810 182 1882 ιὸσεως
203 1802 337 1892 τρόπον,
359 1802 395 1882 ός
413 1805 594 1886 α’πιιλλόξαι
625 1806 768 1872 κόκεῖνον
788 1811 845 1890 τῆς
865 1810 1021 1893 τιμωρίας
1040 1805 1187 1891 η’όόνατο.

96 1907 130 1970 εί
153 1905 213 1986 μὲν
240 1905 302 1990 γὰρ
336 1906 458 1982 εόθέως
486 1902 582 1970 σότόν
620 1904 760 1987 α’νεῖλεν,
790 1907 934 1989 ἀπῆλθεν
960 1902 1000 1970 όν
1026 1906 1109 1989 ἔχων
1132 1906 1190 1993 νην

97 2004 268 2087 ἁμαρτίαν,
289 2005 345 2068 καί
364 2013 428 2080 τοῖς
446 2003 529 2087 μετὰ
550 2009 651 2070 ταῦτα
665 1998 723 2068 οόκ
744 1999 786 2069 όν
805 2007 926 2086 ἐγένετο
945 2005 1112 2089 γνώριμος.
1133 2031 1190 2072 sru-

96 2107 130 2168 νί
150 2102 287 2189 όφεθείς
301 2101 401 2168 πολόν
418 2100 534 2186 χρόνον
555 2105 650 2188 ζῆσαι
670 2106 704 2168 ἐν
717 2103 824 2192 ἐκείνῳ
845 2106 889 2190 τῷ
908 2101 1014 2191 τρόμῳ
1036 2093 1190 2170 irroren-

97 2208 151 2278 λος
170 2211 235 2279 τοῖς
256 2204 423 2268 όπαντοόσι
441 2206 612 2269 καθίστατο
634 2203 715 2269 πᾶσι
735 2200 788 2268 όιό
810 2206 865 2285 τῆς
895 2194 1010 2286 ὄψεως.
1055 2203 1140 2270 α’λλίι
1156 2207 1192 2268 τί

46 2298 138 2384 αοδὴ
155 2323 233 2365 ποτε
251 2297 311 2384 την
341 2299 502 2386 όμαρτίαν
526 2299 739 2386 ὁμολογήσας,
761 2300 817 2366 καί
837 2298 936 2367 ιίιτοὶν
956 2304 1088 2382 μειζονα
1109 2318 1214 2384 noy-u

94 2397 221 2486 γνοόμης
235 2399 467 2486 ἡμαρτηκέναι,
488 2403 546 2465 οόκ
566 2395 607 2464 όν
626 2400 758 2484 ἴσχυσεν
778 2399 1001 2484 ἀπονίψασθαι
1022 2400 1056 2465 τό
1079 2398 1185 2484 ἀμόρ-

96 2668 237 2722 oecuitsre
262 2675 373 2723 eonstus
401 2668 492 2723 inerit
518 2678 549 2723 st
573 2669 668 2722 eodem
686 2686 702 2722 ο
721 2667 829 2739 piaculo
849 2665 999 2720 Lameehus
1019 2666 1182 2732 absolvitur,

94 2740 173 2812 quod
189 2743 248 2810 ipse
268 2757 318 2792 suo
337 2757 366 2793 se
386 2741 490 2793 esleulo
508 2741 682 2804 damnaverit,
700 2756 784 2810 seque
804 2738 899 2792 maiori
918 2738 1053 2807 supplicio
1072 2739 1183 2806 dignum

93 2810 186 2864 verbis
206 2811 281 2864 hisee
298 2811 516 2881 pronuntiaverit
530 2813 577 2875 „in
596 2811 681 2864 Caino
706 2809 825 2881 septupli
842 2825 932 2880 poena
952 2807 1021 2872 suit,
1037 2809 1067 2859 in
1086 2808 1183 2860 λιπαιο-

94 2881 147 2936 ελιο
165 2882 370 2968 ιορλιιτρεσιιηιλλ
388 2884 507 3004 τεηιιιιηιλί
525 2882 600 2934 erit''
1114 2943 1120 2957 ⁸

164 2951 290 3023 Quodsi,
317 2951 419 3004 dilecte
447 2953 501 3017 tii,
526 2952 632 3004 curiose
659 2951 712 3004 tibi
729 2951 800 3004 libet
817 2949 899 3000 etiam
922 2945 958 2998 de
973 2945 1025 2997 hoc
1043 2945 1182 3014 inqurrere

94 3023 170 3094 quod
186 3023 223 3075 τιλ
240 3023 353 3076 cunum
372 3042 387 3075 ιι
406 3022 458 3075 deo
484 3023 638 3092 profertur,
654 3023 831 3092 „quicunque
843 3017 956 3069 cainum
976 3015 1121 3077 necaverit,
1138 3031 1182 3066 ee-

93 3093 184 3216 ηῑιιηιλλ
203 3091 352 3145 vindictum
368 3093 513 3147 sustinebit
520 3095 545 3157 ‚”
570 3093 637 3145 licet
653 3109 687 3144 ex
709 3091 838 3144 Iohannis
855 3085 1038 3155 Chrysostomi
1058 3086 1181 3138 oratione

105 3181 124 3216 α
141 3164 256 3216 Iudaeos
272 3165 388 3234 septime
407 3163 503 3227 disces,
520 3164 569 3215 uhi
586 3162 653 3215 hsec
670 3163 752 3215 verba
770 3165 779 3214 i
800 3161 857 3213 sius
876 3165 990 3211 exstant
1007 3155 1116 3220 „dicere
1132 3172 1182 3206 vo-

92 3235 147 3287 luit
170 3234 255 3299 deus,
282 3251 318 3287 ne
342 3243 448 3288 metues
470 3235 538 3299 tibi,
555 3233 654 3286 Caino:
680 3235 764 3287 vitam
781 3180 941 3302 λοσρεειιιιιι
965 3229 1063 3297 exiges.
1081 3225 1181 3295 quodsi

93 3307 157 3375 quis
181 3315 210 3358 te
226 3305 381 3368 neosverit,
404 3306 548 3358 multarum
573 3321 723 3376 poensrum
745 3320 775 3357 se
797 3319 871 3354 reum
901 3300 991 3352 saciet.
1011 3296 1180 3366 septenarius

93 3378 168 3428 euius
183 3393 312 3429 numerus
331 3377 413 3428 saeris
429 3376 458 3430 in
471 3376 569 3428 litteris
586 3374 744 3429 indefinitae
755 3371 938 3425 musititudinis
956 3367 1181 3438 significationem

91 3446 196 3499 habere
214 3447 293 3500 solet.
325 3447 373 3516 qui
392 3463 455 3516 ergo
478 3455 507 3498 te
525 3445 711 3504 interfecerit.
736 3446 825 3514 iisque
843 3441 939 3512 poeuis
958 3438 1089 3492 exemerit
1107 3453 1180 3507 quse

90 3526 121 3570 ts
139 3535 213 3570 nunc
230 3527 372 3588 premunt,
391 3517 416 3570 is
433 3516 598 3588 supplicium
616 3517 645 3567 in
658 3515 832 3584 semetipsum
850 3511 1001 3565 transferet.
1023 3508 1098 3578 quod
1116 3509 1180 3576 qui-

92 3588 156 3640 ελειιι
175 3587 277 3640 dictum
290 3605 422 3660 perquam
442 3603 501 3640 esse
519 3603 598 3656 grave
614 3585 735 3647 ridetur,
756 3601 848 3635 verum
866 3601 880 3633 a
898 3579 1066 3652 providentis
1085 3577 1179 3646 singu-

89 3659 144 3710 lari
161 3659 349 3728 proficiscitur.
368 3675 429 3710 cusu
446 3659 519 3710 enim
537 3657 603 3710 deus
621 3657 784 3726 posteriores
803 3653 906 3706 efficere
924 3652 993 3720 frugi
1009 3648 1108 3713 vellet,
1126 3647 1178 3700 hu-

89 3728 210 3781 iusmodi
224 3746 331 3799 poenae
350 3729 460 3782 modum
477 3729 594 3799 reperit,
612 3727 659 3798 qui
677 3736 706 3779 et
723 3727 812 3794 ipsum
824 3723 941 3776 liberere
958 3721 1094 3790 supplicio
1114 3737 1178 3789 pos-

89 3807 142 3855 set.
162 3817 224 3851 nom
245 3801 267 3852 si
295 3817 360 3852 ιιιοι
379 3817 440 3852 eum
454 3800 624 3861 sustulisset,
651 3815 700 3850 suo
718 3813 777 3847 cum
795 3794 895 3846 delicto
914 3792 1040 3862 periisset
1058 3807 1109 3841 nec
1126 3807 1177 3858 po-

88 3870 170 3923 steris
194 3872 369 3923 innotuisset.
395 3887 467 3922 nunc
485 3887 546 3922 curn
563 3869 635 3922 fscts
659 3868 741 3920 suerit
761 3866 786 3918 ei
804 3873 924 3936 potestas
945 3863 973 3913 in
992 3861 1040 3912 illa
1057 3859 1177 3929 trepidu-

87 3942 166 3993 tione
184 3941 233 3993 diss
250 3941 379 4005 vivendi,
395 3941 440 3992 vei
460 3942 520 4010 ipso
539 3941 641 3992 intuitu
661 3939 716 3991 sibi
735 3943 905 3989 oecurrentes
924 3931 1072 3985 erudiebat
1091 3931 1178 3982 enim-

86 4028 154 4063 vero
171 4013 222 4082 qui
239 4012 340 4066 fassum
360 4019 450 4064 estut
465 4027 526 4063 cuns
544 4009 674 4062 delictum
691 4025 768 4060 suurn
788 4007 875 4057 fassus
893 4004 951 4074 ipse
967 4003 1057 4054 verbis
1073 4001 1115 4052 his
1133 4017 1177 4052 ss-

87 4091 132 4134 set
148 4083 266 4152 (Geni
288 4085 330 4153 ιλ)
360 4084 464 4146 ‚nutrior
492 4090 534 4134 est
551 4097 610 4132 uses
627 4081 706 4151 culpo
731 4095 811 4149 quom
830 4085 860 4127 ut
878 4075 1063 4137 remittetur,''
1079 4087 1176 4152 pseru-

85 4152 149 4208 tue's
166 4153 280 4208 abluere
305 4153 481 4225 nequiverit?
506 4155 584 4224 atqui
605 4160 680 4206 εοεαε
711 4149 752 4203 sit
773 4147 948 4220 „iniquitates
971 4154 1031 4199 tuas
1066 4141 1176 4195 domino
