2742 4617
200 299 275 384 130
519 320 739 388 nreuuuus
762 277 932 387 'oureus
976 296 994 326 ⁵

162 482 309 553 Βιοότοις
331 474 348 541 ό
369 475 428 558 την
439 479 580 559 γλῶτταν
598 477 749 558 χρυσοῦς,
791 469 867 554 ,καὶ
883 468 922 536 τό
937 471 995 552 μὲν
1016 463 1193 551 τετράποδα
1207 489 1277 530 ποι-

190 585 235 644 ῶν
256 577 272 643 ό
291 575 368 651 θεός
388 573 470 656 όμοῦ
490 571 570 654 μετό
593 578 656 639 τεόν
676 573 830 653 σωμάτων
852 571 907 635 καί
925 566 983 642 τός
1004 565 1114 648 ψυχὰς
1135 562 1279 649 παρήγα-

190 703 250 763 ye,
270 674 326 742 τόν
348 679 383 739 δὲ
406 668 578 758 ἄνθρωπον
599 669 746 736 πλάττων
768 673 894 753 πρῶτον
914 662 1140 744 κατασκευάζει
1155 663 1190 728 τό
1214 665 1279 730 σῶ-

189 803 236 858 μα
258 775 301 852 ὥς
323 767 474 856 ὄργανον,
507 773 562 835 καί
583 769 651 838 τότε
667 768 724 854 την
750 765 861 851 ψυχὴν
882 761 1116 851 δημιουργήσας
1138 759 1278 848 ἔθηκεν·

191 878 233 940 ου’
250 873 312 959 γὰρ
341 877 428 938 θέλει
456 869 514 954 τήν
543 869 656 954 ψυχὴν
681 877 829 952 παρεῖναι
857 869 894 954 τῇ
924 867 1132 951 δημιουργίᾳ,
1163 863 1214 927 ἵνα
1233 858 1311 946 μηδ

191 972 393 1058 καυχήσηται
428 971 472 1046 ὥς
494 969 641 1054 συνεργός
660 971 718 1033 τοῦ
737 970 848 1034 densi?
895 962 1032 1047 πρόσεχε
1056 956 1125 1028 σόν.
1166 961 1283 1048 ἐνεφό-

192 1097 270 1158 σησε
292 1071 355 1156 yde
385 1093 486 1156 φησι·
543 1072 687 1134 τουτέστι
707 1067 742 1132 τὸ
764 1069 857 1148 σῶμα
876 1068 967 1130 τοῦτο
987 1062 1022 1129 τό
1045 1054 1107 1127 duri
1129 1063 1188 1126 τοῦ
1207 1059 1286 1144 χοός

192 1171 359 1256 ἠβουλήθη
382 1167 437 1232 καί
456 1171 631 1248 προσέταξε
651 1163 784 1249 ζωτικὴν
805 1163 892 1246 ἔχειν
912 1161 1068 1243 δύναμιν,
1092 1156 1162 1244 ἣτις
1183 1161 1285 1244 ἐγένε-

193 1295 230 1336 το
252 1269 288 1335 τό
312 1271 392 1348 ζῶον
407 1268 453 1342 εἰς
472 1266 584 1350 ψυχὴν
606 1267 730 1347 ζῶσαν,
751 1258 849 1348 ἤμουν
864 1264 1054 1348 ἐνεργοῦσαν
1074 1258 1129 1325 καί
1147 1258 1205 1344 τ,η“ν
1225 1261 1286 1322 ου’-

192 1369 251 1453 τηυ
273 1370 384 1450 τέχνην
405 1363 611 1430 δεικνύουσαν
630 1362 684 1428 διὰ
708 1367 765 1447 τῆς
786 1364 848 1428 τεόν
869 1365 975 1445 μελῶν
996 1357 1157 1443 κινήσεως.
1213 1357 1286 1422 οδκ-
1302 1385 1341 1426 ιο

165 1472 270 1550 (ἶσόν,
301 1461 463 1549 όχαπητὲ,
494 1461 760 1547 συχκαταβόσεως
796 1466 897 1527 ταῦτα
933 1457 974 1525 τό
1006 1455 1150 1544 ῥήματα,
1180 1455 1287 1542 οἵσπερ

195 1559 254 1630 σόν
282 1563 339 1629 καί
366 1562 400 1628 τό
423 1562 625 1645 ,ποιήσωμεν
645 1555 855 1646 „desinerem”
906 1557 951 1644 μή
984 1559 1045 1642 γὰρ
1075 1556 1245 1642 βουληθείς
1271 1551 1289 1618 ό

196 1663 273 1739 θεός
294 1666 396 1727 δεῖται
417 1663 475 1725 καί
493 1663 654 1742 σκέψεως,
682 1657 764 1726 π’λλό
787 1662 833 1749 τῷ
855 1653 1056 1742 προσχήματι
1071 1659 1130 1721 τοῦ
1150 1656 1293 1740 ῥήματος
1351 1721 1357 1731 ,

197 1765 401 1841 ἐνδείξασθαι
427 1755 580 1842 βοόλεται
611 1759 686 1842 ἡμῖν
721 1758 777 1844 τὴν
812 1755 1075 1842 ὑπερβάλλουσαν
1111 1755 1223 1838 τιμην,
1253 1744 1293 1837 ἧς

198 1863 342 1938 α’ξιοῦται
359 1863 432 1944 παρ’
449 1858 548 1923 ositeri
565 1857 582 1921 ό
599 1858 924 1940 πλαστουργοόμινος.
946 1863 1035 1920 ποιεῖ
1048 1857 1154 1921 τοίνυν
1165 1852 1220 1919 τόν
1239 1843 1295 1918 όν·
1306 1847 1347 1926 ί5

198 1965 330 2042 θρωπον
359 1955 438 2022 κατό
461 1956 518 2040 την
539 1953 654 2041 νεκρόν
683 1957 805 2039 εἰκόνα,
826 1955 870 2032 ὥς
892 1957 909 2020 δ
928 1951 1164 2042 χρυσορρήμεον
1184 1957 1293 2041 φησίν.

199 2058 298 2124 ἔκειτο
318 2057 388 2140 ydo-
415 2056 451 2120 τό
482 2059 577 2138 σῶμα
602 2060 774 2140 τηνικαῦτα
804 2053 929 2140 νεκρόν,
959 2058 1015 2121 τοῦ
1035 2058 1190 2130 κινοῦντος
1212 2051 1294 2118 usito*

200 2157 362 2237 δεόμενον.
384 2153 491 2224 ἔπειτό
514 2181 594 2242 φησι
611 2155 688 2236 ,καί
707 2157 902 2242 ἐνεφύσησεν
925 2156 970 2230 εἰς
991 2153 1025 2220 τό
1048 2154 1216 2236 πρόσωπον
1238 2153 1298 2214 ου’-

201 2259 260 2321 soti
281 2253 379 2338 πνοὴν
399 2257 509 2337 iugc?
562 2257 662 2318 ταῦτα
682 2258 742 2334 μὲν
764 2246 822 2318 οὖν
843 2252 858 2318 ό
877 2251 1043 2327 θειότατος
1063 2252 1207 2334 Ἰωάννης
1229 2247 1297 2314 ἐλε-

202 2355 316 2437 γεκαὶ
347 2358 419 2416 λίαν
444 2347 645 2434 εόμεθόδως,
669 2355 835 2434 ’ἐντρέπων
856 2349 931 2428 τοός
965 2354 1109 2436 λέγοντας
1129 2347 1225 2415 αι’·τόν
1248 2345 1353 2420 duno

171 2448 245 2527 υτό
265 2453 441 2536 Ὠριχᾷνσυς
473 2459 592 2534 φρονεῖ.
635 2449 698 2513 α’πό
725 2448 785 2536 γὰρ
804 2455 868 2516 τῶν
889 2453 1129 2537 διαληφθέντων
1149 2447 1298 2536 ῥημάτων

206 2551 351 2616 ἀνασπᾶν
370 2547 453 2612 ἔοικε
474 2546 647 2634 πρόρριζον
675 2547 733 2632 τὴν
757 2547 955 2638 προόπαρξιν
982 2553 1045 2616 ττόν
1066 2553 1196 2634 ψυχῶν,
1219 2543 1257 2634 ἢν
1279 2543 1296 2611 ό

205 2644 419 2734 ματαιόφρων
438 2647 597 2734 Ὠριχένης
618 2645 759 2728 ἐδόξαζε.
1233 2695 1252 2730 ,

276 2814 303 2867 9.
320 2796 423 2864 ederis?

210 2937 265 2989 dat
284 2953 345 2989 cusu
366 2936 484 3001 bestias,
512 2937 568 3001 ait,
597 2935 788 3008 quadrupedes
816 2931 946 2990 'conderet
966 2936 1050 2999 deus,
1075 2951 1129 2986 una
1155 2951 1216 2986 com
1234 2937 1300 3006 ipsis

212 3008 370 3076 corporibus
388 3010 490 3059 annuae
508 3010 589 3060 etiam
607 3009 782 3078 proferebat:
800 3007 936 3060 hominem
954 3023 1017 3059 vero
1039 3007 1166 3068 formans,
1183 3005 1301 3074 primum

213 3095 310 3148 corpus
327 3086 359 3130 ut
376 3079 585 3132 instrumentum
605 3080 734 3144 fabricat,
754 3079 853 3132 deinde
871 3079 912 3131 illi
931 3079 1045 3130 unimam
1065 3076 1201 3128 conditam
1220 3076 1301 3130 indit

211 3166 263 3200 nec
288 3150 360 3202 enim
382 3158 506 3201 creatura
533 3151 640 3219 perficit
666 3153 799 3215 enimam,
822 3167 858 3202 ne
888 3149 932 3200 dei
959 3165 988 3201 se
1014 3147 1172 3200 adiutricem
1191 3147 1304 3215 gloriari

210 3219 304 3291 possit.
322 3221 405 3288 igitur
421 3221 539 3271 animum
556 3221 673 3273 adverte.
693 3223 847 3292 inspiravit*
859 3221 959 3290 inquit,
978 3219 1030 3271 hoc
1049 3225 1097 3282 eet,
1115 3233 1211 3288 corpus
1231 3217 1305 3270 illud

212 3307 228 3342 e
248 3291 360 3360 pulvere
378 3291 478 3343 sactum
496 3291 548 3344 hoc
565 3291 680 3360 amplius
711 3291 868 3344 adsecutum
888 3301 943 3355 est,
963 3301 994 3343 ut
1010 3291 1063 3342 vim
1084 3287 1217 3358 quandem
1232 3289 1305 3340 vita-

212 3362 266 3413 lem
284 3359 415 3423 haberet,
442 3378 512 3430 quae
532 3364 573 3414 vis
592 3361 656 3414 huic
674 3365 784 3414 animali
803 3363 873 3414 sacta
891 3363 977 3427 estin
996 3363 1110 3412 animam
1128 3360 1231 3422 vivam,
1249 3357 1305 3412 hoc

214 3441 257 3484 est
274 3431 420 3484 efficaciter
438 3442 562 3501 agentem
581 3451 611 3484 ac
628 3449 679 3503 per
693 3434 872 3501 snembrorum
885 3442 987 3485 motum
999 3440 1084 3483 artem
1101 3447 1175 3482 suam
1190 3429 1305 3482 demon-

215 3511 354 3554 strantem.
373 3512 456 3572 atque
469 3505 537 3556 haec
552 3503 635 3555 verba
653 3505 828 3574 proferuntur
845 3521 859 3554 a
879 3503 930 3554 deo
949 3511 1070 3555 nostrum
1090 3501 1125 3553 a'd
1146 3510 1254 3571 captum
1274 3517 1305 3552 se

217 3572 392 3638 demittente,
413 3574 484 3626 sicut
501 3583 529 3626 et
542 3575 589 3625 itta
608 3577 754 3638 „iaciamus
774 3574 936 3626 hominem.”
951 3591 1006 3625 nou
1026 3573 1097 3625 cuim
1116 3572 1172 3624 ulla
1190 3573 1234 3623 vel
1253 3572 1304 3623 de-

218 3642 382 3696 liberatione
402 3646 447 3695 vel
476 3645 695 3698 consideratione
717 3647 783 3696 dens
803 3645 923 3713 indiget:
942 3644 990 3695 sed
1008 3642 1059 3695 hac
1077 3645 1185 3704 illorum
1205 3641 1306 3694 verbo·

219 3729 278 3762 rum
297 3713 381 3765 iorms
398 3715 478 3767 uobis
498 3716 618 3768 indicare
634 3718 694 3769 vult
709 3719 866 3767 immensum
884 3716 1032 3778 honorem,
1053 3731 1107 3784 quo
1127 3713 1253 3782 dignatur
1270 3713 1309 3764 it-

218 3781 276 3832 inm
296 3801 377 3852 quem
396 3786 538 3838 formabat.
555 3789 650 3857 itaque
667 3795 739 3838 creat
759 3787 914 3851 hominem,
943 3793 1066 3855 respectu
1092 3785 1216 3854 imaginis
1235 3801 1308 3835 mor-

219 3862 292 3914 tuus,
303 3856 530 3922 quemadmodum
539 3857 741 3925 chrysostomus
760 3858 894 3926 loquitur:
914 3873 1011 3926 corpus
1030 3859 1100 3908 enim
1113 3853 1221 3907 iacebat
1238 3871 1308 3923 quu-

220 3925 242 3973 si
259 3932 411 3989 mortuum,
431 3945 512 3995 egeus
532 3938 644 3981 motore.
666 3927 773 3992 deinde,
793 3928 848 3991 sit,
869 3929 1013 3998 „spiritum
1032 3927 1143 3980 vitalem
1162 3927 1190 3978 in
1209 3925 1307 3978 taciem

220 3993 279 4044 eius
297 3994 462 4062 inspiravit.’'
479 3999 547 4051 haec
567 4017 583 4050 a
601 3999 696 4051 divino
719 4001 781 4050 viro·
794 4015 925 4069 perquam
946 4007 1018 4050 recte
1039 3997 1190 4066 ordineque
1210 3995 1308 4048 dicuu-

220 4071 282 4126 tur,
309 4063 445 4118 refutante
472 4069 603 4137 quosdam
631 4071 679 4140 qni
697 4085 758 4121 eum
777 4069 930 4139 Origenicas
954 4070 1097 4140 opiniones
1113 4069 1209 4120 sectari
1231 4066 1308 4117 dice-

220 4141 289 4185 rent
306 4151 370 4185 nam
386 4136 476 4187 verbis
494 4139 618 4191 indicatis
637 4141 714 4210 quasi
734 4139 863 4193 radicitus
882 4141 1046 4212 peculiarem
1065 4140 1139 4192 iliam
1157 4139 1307 4190 animarum

160 4231 165 4240 ι
221 4205 392 4258 existentiam
410 4216 530 4260 evertere
547 4209 673 4274 videtur,
693 4224 773 4283 quam
792 4211 894 4266 delirat
913 4212 1041 4283 Origenes
1060 4210 1193 4265 tradebat.
1216 4223 1223 4238 ·
