2742 4617
143 283 151 297 ,
198 180 284 268 386
330 227 333 233 ·
533 205 751 274 urctmoms
780 209 942 276 omem

195 365 329 444 παρεῖχε
358 357 522 442 ξενορροὲς
544 359 598 424 καί
623 357 726 442 θηλήν
744 351 805 442 τῆς
824 362 959 446 φυσικῆς
980 360 1075 442 νομῆς
1095 357 1287 442 δλλοτρίαν,

197 453 248 522 ὅτε
268 455 371 539 μαζδν
390 453 487 522 ἔδωκε
506 455 562 520 καί
586 461 796 540 φλεβσσυλιάν
829 452 891 540 ούχ
920 453 1094 540 ὑπέμεινεν.
1137 453 1219 522 άλλά
1240 461 1287 544 μη

196 561 284 636 ξένον
304 553 340 620 τά
373 558 506 640 πρᾶγμα
530 555 616 638 ἡγοῦ.
667 554 774 640 ἐπειδη
804 557 864 642 γάρ
888 555 965 640 θεὸς
986 549 1023 642 ἦν
1043 559 1099 622 καί
1117 551 1289 644 ἅνθρωπος

194 653 230 722 τά
254 652 445 736 τικτόμενον,
466 657 500 732 ἐξ
519 653 653 741 άνάγκης
674 651 780 744 ἑαυτοῦ
802 659 968 737 σονίζευξε
989 657 1029 724 τά
1042 680 1075 722 τε
1095 662 1170 724 θεία
1191 655 1232 722 τύ
1251 681 1288 724 τε

197 749 395 840 άνθρτύπινα.
438 754 493 820 καί
505 753 692 838 α’νθριύπινο
714 761 775 838 μὲν
796 756 813 820 δ
836 749 926 839 ὄγκος
939 758 995 840 τῆς
1014 756 1169 843 γαστρός,
1191 757 1208 822 ὅ
1228 759 1318 842 τῆςὸ

168 857 371 940 (ζκοοφορίσς
399 855 619 937 ίνναμηνιαῖος
652 857 777 938 καιρός,
811 855 910 939 ἢτοῦ
935 859 1116 940 rorantem
1144 860 1289 942 σννηθης

197 953 320 1036 ἔξοδος,
342 953 362 1036 ἦ
390 952 645 1039 γαλακτοτροφίσ
675 949 769 1038 eniri
791 953 853 1020 άπδ
886 958 940 1022 τοῦ
959 959 1077 1042 μικροῦ
1097 959 1151 1022 ἐπὶ
1169 955 1206 1020 eci
1228 983 1289 1020 κα-

197 1060 298 1138 θῆκον
326 1053 427 1118 edroi
456 1049 604 1133 σώματος
632 1045 781 1138 αῦξησις·
839 1052 919 1120 κατά
945 1053 1007 1140 γάρ
1040 1054 1096 1122 riv
1126 1057 1289 1140 μακάριον

197 1157 334 1220 Παῦλον
363 1147 486 1216 πάντων
515 1154 703 1233 πεπείραται
729 1157 791 1218 ruis
826 1153 985 1240 ἡμετέρων
1014 1147 1090 1222 ῦνεν
1112 1153 1210 1240 μόνης
1229 1160 1287 1238 τῆς

197 1255 364 1338 ἁμαρτίας.
406 1256 482 1316 θεῖα
503 1253 539 1316 δὲ
561 1249 655 1318 πάλιν
675 1249 696 1336 ἧ
719 1245 856 1338 ύοπορος
876 1253 1043 1338 σύλληψις,
1063 1253 1084 1341 ἦ
1105 1253 1286 1336 παράδοξος
1300 1283 1336 1324 ιο

195 1350 308 1436 κύησις
329 1351 383 1416 καί
412 1347 617 1436 άρρύπαντος
641 1355 796 1438 γέννησις.
849 1354 905 1418 καί
926 1353 1019 1418 τοῦτο’
1049 1355 1136 1420 ἐστιν
1163 1346 1240 1438 ὅπερ
1266 1355 1287 1439 ἦ

194 1449 343 1533 θεολόγος
368 1448 454 1534 ἔλεγε
479 1454 602 1534 γλῶττα
632 1450 743 1534 ,νόμοι
764 1449 892 1540 φάσεως
920 1453 1162 1520 καταλύονται.”
1204 1453 1289 1536 πρὸς

193 1561 260 1626 τοῖς
294 1542 399 1626 ἄλλοις
419 1549 483 1635 γάρ
512 1550 567 1615 καί
594 1555 758 1636 μητρικολν
785 1551 907 1618 durior
937 1547 1070 1622 ἄνευθεν
1101 1551 1288 1638 Χριστὸνῆ

194 1653 348 1734 πάναγνος
368 1648 472 1718 ἔτεκε·
514 1647 591 1715 κατά
614 1650 676 1734 γάρ
699 1647 756 1716 τόν
777 1655 1004 1737 Δαμασκηνὸν,
1026 1651 1107 1720 ἔνθα
1131 1653 1226 1740 ἡδονὴ
1248 1652 1289 1718 οῦ

193 1751 414 1835 προηγήσατο,
435 1747 563 1826 είκδτως
584 1749 658 1816 οῦδὲ
680 1749 778 1836 ὀδύνη
809 1750 1074 1836 ἐπηκολούθησεν.
1116 1747 1166 1818 δτι
1187 1755 1223 1818 δὲ
1246 1751 1285 1818 τά
1300 1757 1335 1820 15

194 1853 250 1933 τῆς
271 1853 446 1936 κυοφορίος
467 1851 632 1935 παράδοξα
646 1844 743 1935 ηὀον,
767 1851 822 1916 καί
841 1849 857 1913 δ
881 1851 1100 1934 Ἀρεοπαγίτης
1116 1850 1289 1928 Διονύσιος

161 1950 328 2032 Ιὶύδειξεν,
354 1943 454 2026 οῦτεος
475 1949 573 2015 εἰπάν
596 1953 670 2033 περί
692 1951 815 2032 ούτοῦ,
838 1945 889 2014 δτι
911 1950 946 2014 τὸ
970 1953 1029 2030 μὲν
1052 1951 1208 2034 ἀνδρικῶς
1231 1945 1289 2014 ού-

193 2055 351 2134 σιωθηναι
384 2047 482 2116 adesir
511 2052 546 2113 ἐκ
566 2055 630 2116 τῶν
651 2049 746 2132 ιἐριῦν
769 2054 882 2132 λογιόον
903 2047 1080 2132 ἐμάθομεν,
1110 2049 1287 2134 άγνοοῦμεν

194 2153 231 2216 δὲ
262 2145 345 2226 ὅπως
372 2152 406 2214 ἐκ
439 2153 638 2232 παρθενικοῖν
664 2148 807 2230 αἱμάτων
838 2145 935 2238 ὲτέριρ
971 2147 1058 2231 παρά
1094 2147 1151 2232 την
1182 2149 1286 2236 φύσιν

193 2253 304 2336 θεσμῷ
325 2247 534 2315 διεπλάττετο.
594 2252 697 2322 καλῶς
721 2243 813 2312 odoi
842 2252 940 2330 μέγας
961 2247 1146 2323 Ἀθανύσιος
1164 2245 1283 2334 ἔφησεν
1293 2280 1332 2322 20

191 2344 271 2430 „cire
294 2345 499 2430 ι’ξελόχενοε,
520 2351 577 2414 καί
593 2346 634 2414 τά
651 2351 715 2413 ταῖν
735 2351 836 2430 λιγύν
860 2347 899 2412 ού
920 2344 1107 2433 κατενόησεν
1118 2350 1144 2386 ·”
1186 2351 1215 2414 εί
1236 2349 1280 2431 μη

264 2535 287 2585 p.
304 2513 400 2577 ίξοδία
411 2515 440 2568 1².
547 2516 587 2570 15.
604 2513 690 2582 ιίδίνη
708 2515 735 2568 Ρ.

191 2688 386 2741 nutrimentum
404 2703 419 2738 ι
438 2688 556 2740 naturali
573 2686 723 2754 diversum
744 2704 804 2740 cnm
830 2703 968 2740 mammam
988 2688 1132 2758 praebuit,
1151 2704 1184 2740 ae
1200 2691 1275 2742 renis

191 2769 285 2813 umen
302 2759 505 2829 nequidquam
528 2757 680 2810 decederet.
703 2775 755 2810 uec
778 2759 924 2812 abhorrere
950 2761 1059 2830 putabis
1085 2760 1153 2811 haec
1171 2777 1186 2810 τι
1206 2777 1276 2812 reru.

190 2849 255 2883 nam
274 2831 340 2915 quia
358 2831 460 2900 puriter
477 2831 557 2881 horno
578 2838 636 2881 erat
652 2829 681 2880 id
697 2829 772 2900 quod
790 2831 958 2900 gignebatur,
977 2839 1005 2882 et
1024 2830 1106 2893 deus,
1126 2833 1280 2886 necessario

192 2911 249 2954 tam
267 2903 359 2954 divina
386 2900 519 2970 qrruedam
543 2917 623 2970 quum
650 2899 765 2952 humana
795 2903 942 2953 coniunxit.
962 2903 1076 2954 humanu
1096 2909 1172 2952 erant
1192 2903 1281 2954 'tumor

193 2975 261 3033 alvi,
284 2983 391 3042 tempus
408 2990 502 3023 novem
530 2973 682 3034 mensium,
701 2989 755 3040 quo
786 2981 891 3024 uterum
912 2981 997 3024 mater
1015 2971 1140 3041 gerebat,
1161 2972 1233 3024 setus
1253 2975 1281 3024 in

193 3045 282 3095 lucem
301 3043 386 3095 editio
405 3059 453 3111 pro
467 3059 542 3094 more
561 3043 647 3104 facta,
665 3044 780 3094 lacteum
803 3045 1011 3106 nutrimentum,
1028 3062 1044 3096 a
1062 3060 1145 3114 parvo
1162 3043 1198 3094 ad
1214 3059 1281 3095 cun-

193 3119 346 3167 venientem
373 3115 492 3184 corporis
518 3123 647 3166 statorem
665 3114 868 3166 incrementum.
892 3131 954 3166 nam
968 3115 1009 3166 uti
1027 3113 1125 3166 beatus
1142 3114 1192 3164 ille
1210 3115 1281 3165 Pau-

195 3187 238 3238 lus
254 3189 294 3236 ait
311 3185 404 3256 (liebr.
429 3191 458 3252 'i
484 3185 539 3255 15),
571 3193 697 3254 expertus
724 3191 766 3236 est
784 3187 872 3236 omniu
891 3193 998 3248 nostra,
1026 3187 1085 3238 solo
1103 3193 1216 3256 peccato
1233 3202 1281 3236 ex-

196 3265 285 3326 cepto.
300 3273 403 3306 rursum
417 3253 508 3306 diviua
519 3262 596 3306 eraut
608 3272 705 3324 expers
714 3257 823 3307 seminis
837 3257 992 3324 conceptio,
1010 3265 1104 3324 partus
1124 3257 1279 3316 inusitatus,

195 3329 267 3380 nulli
283 3327 407 3378 foeditati
425 3327 564 3396 nullisque
576 3325 703 3378 sordibus
717 3326 834 3378 obnoxie
849 3328 981 3380 nativitas.
995 3336 1078 3397 atque
1092 3325 1145 3378 hoc
1155 3326 1224 3378 illud
1238 3335 1280 3377 est

196 3398 271 3468 quod
290 3398 434 3467 Gregorius
453 3396 595 3465 theologus
611 3395 681 3448 dixit
705 3398 796 3464 „leger
813 3407 927 3450 naturae
944 3399 1109 3450 solvuntur.”
1126 3414 1189 3448 nam
1207 3398 1279 3448 inter

195 3471 251 3520 alia
267 3471 335 3521 citro
362 3477 496 3520 maternos
526 3470 606 3519 etiam
624 3469 800 3590 parturigiuis
825 3469 933 3520 dolores
950 3470 1024 3535 virgo
1040 3469 1182 3537 purissima
1200 3467 1278 3518 Chri-

196 3551 266 3593 stum
282 3541 398 3609 peperit.
418 3541 520 3608 quippe
539 3539 573 3590 de
593 3541 622 3591 lo
642 3539 720 3590 eunio
739 3540 897 3592 Damasceni
918 3541 1069 3600 sententia,
1088 3537 1135 3590 ubi
1153 3537 1279 3606 voluptas

197 3621 227 3663 et
244 3611 391 3662 delectatio
412 3610 488 3662 nulla
505 3611 668 3679 praecessit,
688 3609 728 3662 ibi
751 3627 805 3662 nou
822 3609 870 3660 obs
891 3627 918 3660 re
935 3609 1080 3661 dicendum
1100 3609 1181 3660 etiam
1200 3607 1280 3660 dolo·

197 3699 255 3733 rem
272 3682 377 3733 nullum
395 3682 534 3750 consequi.
563 3689 592 3731 et
618 3697 683 3732 uero
709 3679 791 3732 δαίετο
812 3681 908 3732 iactam
930 3682 1133 3750 conceptionem
1152 3680 1279 3748 uterique

197 3753 376 3822 gestationem
392 3769 501 3819 prorsus
521 3752 650 3803 inusitato
667 3749 764 3814 modo,
793 3758 908 3804 testatur
927 3753 985 3820 ipse
1006 3767 1115 3820 quoque
1133 3751 1279 3816 Dionysius

197 3823 358 3892 Areopagitu
378 3821 469 3873 verbis
488 3821 657 3874 huirrsnrodiz
680 3822 772 3890 „quod
791 3821 908 3872 humano
927 3821 1038 3891 quidem
1056 3839 1130 3874 more
1150 3821 1278 3872 substen-

197 3895 263 3944 tiam
292 3893 488 3960 adsumpserit,
517 3892 551 3943 de
577 3895 657 3944 sacris
689 3893 803 3943 oraculis
832 3893 1016 3962 percepimus:
1048 3891 1097 3944 sed
1125 3893 1279 3960 ignoramus

197 3973 290 4015 tamen
310 3979 365 4032 quo
383 3972 463 4030 pacto
482 3962 516 4014 de
536 3965 657 4032 virgineo
668 3964 813 4030 sanguine,
832 3981 938 4032 prorsus
956 3963 1110 4014 abhorrenti
1130 3981 1146 4014 a
1165 3971 1278 4014 naturae

200 4035 424 4100 lege,rlormatns
443 4034 502 4084 δι”
519 4033 638 4102 ideoque
655 4033 758 4086 dictum
778 4032 961 4086 abdthanasio
980 4035 1131 4103 praeclare:
1151 4041 1276 4102 „partum

200 4103 290 4156 edidit
306 4103 395 4155 nullas
413 4103 468 4155 tori
493 4103 566 4171 leges
583 4106 719 4174 experta?
737 4105 837 4158 etenim
858 4103 961 4175 absque
986 4105 1035 4158 illo
1053 4105 1139 4170 soret,
1156 4121 1214 4157 uon
1232 4119 1277 4156 ει-
