2742 4617
201 220 284 305 308
536 241 750 306 urcnsnrs
779 239 942 305 cerere

280 396 351 465 Καί
370 396 457 478 όμέν
477 395 601 462 Γεδεών
620 392 751 479 γηραιός
772 397 909 478 τελευτᾷ,
925 395 1034 468 παῖδες
1054 395 1092 459 δὲ
1110 387 1193 480 ἦσαν
1212 393 1280 456 αό-

170 501 240 586 Βεῷ
258 495 378 582 γνῆσιοι
399 497 458 577 μὲν
478 495 501 558 α’
523 491 724 577 (πολλόςγόρ
745 488 840 576 ἔγημε
861 493 1036 578 γυναῖκας),
1058 488 1150 571 νόθος
1170 495 1207 555 δέ
1228 483 1279 564 εἷς

194 602 229 663 ἐκ
250 598 415 679 παλλακῆς.
470 596 502 672 ἐξ
523 595 707 675 ἐπαγγελίας
733 595 830 657 τίκτει
851 589 869 653 ό
890 593 1031 672 Maeni,
1052 590 1088 657 τό,
1111 594 1146 656 δὲ
1164 614 1278 673 γεννη-

191 702 249 762 θὲν
268 697 395 760 παιδίον
423 695 587 772 Σαμψῶνα
607 694 774 755 καλοῦσιν·
824 687 957 770 ἰσχυρόν
980 692 1014 754 δὲ
1034 688 1112 754 κατὰ
1131 688 1187 753 τόν
1202 683 1274 753 Ἰαό-

190 818 289 877 σηπον
309 795 453 878 σημαίνει
474 787 508 854 τό
534 781 644 870 ὄνομα.
687 792 859 871 τηνικαῦτα
880 791 936 851 καί
950 787 1112 871 Ἡρακλῆς
1132 782 1302 872 ῆκμαζε.5

190 897 336 959 τοσοῦτον
358 893 392 954 δὲ
413 882 451 973 ῆν
469 891 611 968 ἀνδρεῖος
634 887 649 950 δ
668 883 812 967 Σαμψών
833 882 883 950 ότι
902 890 957 950 καί
976 889 1030 952 ε’πί
1042 888 1071 951 Γ
1068 886 1149 966 α’ζακ
1167 888 1273 951 εἰσελ-

190 991 258 1056 θών
295 993 349 1054 καί
374 985 460 1074 παρὰ
490 985 588 1072 πόρνη
614 985 679 1052 τινί
706 989 896 1066 καταχθείς,
924 984 1032 1070 έπειδῆ
1062 994 1271 1071 παρετηρεῒτο

190 1087 276 1168 παραὶ
307 1093 368 1152 τῶν
395 1091 509 1163 ἐκεῖσε,
540 1084 753 1165 α’νεμόγλευσε
783 1080 836 1147 διό
864 1086 982 1164 χειρῶν
1007 1082 1064 1158 τός
1089 1080 1192 1158 πόλος
1214 1082 1275 1146 καί

189 1189 329 1268 ε”ξῆλθεα
381 1183 461 1248 α’λλό
495 1181 549 1245 καί
568 1181 628 1265 πρό
658 1181 772 1246 τοότσυ
795 1179 875 1245 scorti
898 1185 1125 1246 Παλαιστινοῖν
1147 1179 1270 1264 ἔχωνό

187 1281 331 1364 Σαμψών
359 1284 393 1347 τί
417 1290 512 1359 ποιεί,Ι
546 1285 660 1360 θέρους
689 1273 778 1353 ὄντος
801 1281 856 1342 καί
878 1277 957 1365 πρός
977 1273 1098 1363 ἀμητόν
1119 1274 1179 1363 ῆδη
1201 1281 1314 1349 serisso

187 1385 313 1462 καρπῶν
333 1374 534 1460 ἀκμαζόντων
558 1377 724 1460 συλλαβών
737 1377 795 1452 τοὶς
812 1374 984 1458 α’λιόπεκας,
1005 1378 1060 1442 καί
1078 1381 1142 1443 τῶν
1161 1381 1266 1462 οόροόν

157 1481 290 1550 οαόταῖν
311 1477 431 1558 ἐξάψας
453 1477 620 1560 λαμπάδας
642 1477 799 1560 ἡμμένας,
831 1478 963 1562 α’φίησικ
982 1480 1027 1552 εἷς
1049 1475 1106 1551 τός
1125 1474 1266 1559 ἀρούρας

185 1582 247 1640 τιδν
269 1581 508 1655 Παλαιστινιόν,
538 1577 594 1640 καί
614 1571 697 1638 stru
730 1572 805 1648 τοός
824 1572 964 1656 καρποός
993 1578 1099 1640 αόταῖν
1119 1579 1265 1660 deep-trs·

187 1698 251 1757 ρεν.
293 1673 322 1740 οἱ
349 1669 406 1740 σόν
434 1674 607 1759 ἀλλόφυλοι
637 1670 775 1753 periisti
805 1675 1024 1756 ἐμπρησθῆναι
1044 1671 1103 1748 τός
1123 1671 1263 1757 α’ροόρας

177 1773 288 1856 Ιαότιόν
306 1771 441 1854 πόλεμον
461 1769 539 1856 πρός
560 1769 632 1847 τούς
653 1774 850 1854 Ἰσραηλίτας
870 1771 1082 1852 συνάπτουσι,
1106 1771 1160 1837 τόν
1175 1775 1310 1851 Sep-15

184 1869 257 1952 ψδέν
284 1871 462 1952 αίτοόμενοι
489 1867 623 1935 ἔκδοτον.
676 1875 712 1934 τί
738 1862 794 1934 osis
819 1866 849 1933 oi
877 1870 1072 1953 Ἰσραηλῖται
1079 1896 1092 1951 ,·
1118 1868 1174 1956 τῆν
1202 1875 1265 1935 τῶν

186 1977 340 2052 πολεμίων
362 1969 499 2045 δεδιότες
529 1969 641 2056 ἔφοδον
663 1972 790 2050 δέσμιον
817 1969 923 2043 αόιοΐς
943 1968 997 2032 τόν
1016 1967 1159 2051 Σαμψών
1180 1972 1264 2035 εἰιδι-

188 2066 290 2133 δόασι.
332 2069 386 2134 καί
407 2065 442 2144 ὃς
464 2068 542 2134 tud»
562 2065 699 2144 ἐκείνους
720 2063 921 2150 όρμῆσαντας
940 2069 1005 2133 κατ’
1024 2070 1125 2132 αόιοό
1144 2067 1184 2132 τό
1204 2072 1264 2150 μὲν

188 2166 286 2248 δεσμὰ
310 2171 467 2253 διέρρηξε,
500 2164 629 2250 σιαγόνα
652 2169 687 2230 δὲ
709 2159 782 2230 sisso
800 2170 906 2248 λαβὼν
926 2171 1047 2247 χιλίους
1066 2161 1184 2249 ἄνδρας
1202 2168 1263 2231 τῶν

153 2259 373 2350 Βόλλοφόλονν
393 2267 578 2334 ἀπέκτεινεν.
621 2259 698 2328 όθεν
718 2265 772 2329 έπί
790 2267 933 2330 τοσοῦτον
952 2257 1178 2348 α’γανιζόμενος
1199 2262 1309 2335 sinino

188 2361 302 2443 δίψους
326 2367 482 2448 ἐφλέγετο.
537 2365 639 2428 δέεται
668 2355 725 2426 σόν
745 2364 801 2426 τοῦ
820 2364 917 2442 θεοῦ,
938 2367 994 2426 καί
1012 2369 1183 2447 τηνικαῦτα
1201 2389 1261 2429 πα·

189 2466 377 2545 ραμυθεῖιαι
408 2455 521 2525 αὐτόν·
576 2459 596 2544 ῆ
627 2458 686 2546 γὰρ
710 2459 827 2544 σιαγιόν
852 2469 926 2546 παρ’
953 2461 1054 2527 adteri
1081 2464 1260 2547 ε’κθλιβεῑσιι

257 2718 320 2772 Post
338 2719 402 2772 hoec
422 2719 515 2772 Gsdeo
534 2726 671 2772 senectute
689 2719 827 2772 coniectus
850 2720 905 2772 vita
923 2719 1058 2789 fungitur,
1076 2721 1178 2772 relictis
1197 2720 1260 2772 tiliis

189 2787 309 2856 legitimo
326 2799 386 2841 toro
406 2793 474 2842 natis
494 2792 679 2860 septuaginta,
705 2808 773 2859 qnos
796 2791 967 2859 expluribus
984 2790 1114 2842 uxoribus
1133 2808 1259 2858 suscepe-

188 2869 243 2922 ret,
261 2869 289 2911 et
317 2879 370 2911 uuo
388 2863 478 2930 spurio
499 2876 515 2911 e
534 2861 681 2911 concubina
706 2869 778 2912 noto.
796 2861 860 2912 hine
875 2862 984 2912 Manoas
1000 2870 1112 2930 accepto
1132 2861 1261 2912 divinitus

187 2931 316 2999 promisso
344 2931 429 2981 filiurn
457 2931 554 2998 gignit,
575 2932 618 2981 cni
646 2931 781 2982 Samsonis
805 2947 903 2983 nomen
921 2940 962 2982 est
980 2931 1110 2994 inditum,
1136 2931 1209 3000 qnod
1228 2949 1261 2982 ea

188 3003 410 3070 interpretatione
427 3000 533 3070 losephi
562 3003 702 3052 robustum
721 3002 861 3069 significat.
879 3001 973 3053 rodem
991 3019 1049 3052 cum
1069 3001 1121 3053 lsoc
1141 3011 1261 3070 tempore

142 3111 146 3118 .
189 3071 316 3122 Hercules
339 3089 447 3140 quoque
471 3071 544 3122 vixit
573 3081 629 3122 eret
652 3082 740 3123 autem
768 3073 888 3123 Samsoni
916 3080 970 3122 tam
988 3073 1074 3123 virilis
1094 3074 1211 3133 animus,
1231 3081 1262 3122 ut

190 3159 248 3191 eum
268 3143 364 3192 (larem
384 3143 515 3210 ingressus
534 3140 568 3192 ad
586 3144 780 3193 meretriculam
805 3141 937 3211 quandam
957 3142 1110 3194 divertisset
1127 3153 1209 3211 atque
1226 3141 1260 3191 ab

190 3212 285 3262 incolis
304 3210 397 3279 oppidi
416 3213 545 3263 universis
563 3213 759 3274 custodiretur,
783 3212 906 3263 manibus
925 3213 979 3264 suis
998 3220 1088 3281 porus
1104 3229 1162 3262 enm
1184 3229 1262 3280 repa·
1364 3264 1365 3289 p

190 3282 258 3350 gulis
280 3283 407 3334 evulserit
435 3289 516 3350 atque
545 3284 581 3332 ita
607 3281 707 3350 oppido
733 3284 769 3334 sit
787 3300 913 3350 egressus.
937 3284 1083 3351 quinetiam
1106 3285 1262 3352 priusquam
1364 3332 1365 3345 ³

191 3351 242 3404 lroe
261 3351 402 3416 accideret,
419 3361 543 3420 suscepto
561 3351 685 3404 adversus
704 3354 867 3405 Palaestinos
884 3352 957 3405 bello
978 3353 1105 3421 quiddam
1123 3352 1262 3404 huiusmo-
1364 3408 1365 3415 η

192 3421 308 3472 difecit.
336 3431 393 3472 erat
422 3431 525 3490 tempus
552 3424 696 3486 aestivum,
725 3424 832 3492 iamque
851 3423 951 3474 fructus
975 3424 1013 3473 ita
1030 3432 1215 3474 maturuerunt
1232 3431 1264 3475 ut
1364 3434 1365 3445 ¹

191 3495 282 3543 messis
300 3501 455 3560 appeteret,
481 3509 539 3542 cum
557 3492 648 3544 Samso
673 3496 801 3544 trecentis
818 3494 943 3562 vulpibus
959 3494 1044 3561 captis
1062 3510 1152 3544 earum
1169 3493 1262 3545 caudis
1364 3520 1365 3531 ν

192 3563 263 3612 iaces
282 3561 405 3614 ardentes
424 3563 531 3630 alligat,
548 3571 629 3632 utque
650 3565 686 3614 its
704 3565 732 3615 in
751 3565 958 3615 Palaestinornm
977 3581 1053 3630 agros
1069 3580 1113 3614 ess
1131 3565 1262 3615 immittit

192 3631 243 3682 hoc
262 3641 340 3700 pacto
358 3641 460 3702 segetes
477 3633 568 3684 eorum
588 3643 696 3684 exustae
710 3636 825 3684 suerunt.
843 3634 884 3683 illi
902 3633 1037 3700 segetibus
1049 3635 1183 3684 succensis
1203 3633 1263 3684 bel-

191 3701 246 3751 lum
264 3701 390 3756 lsraelitis
409 3703 517 3764 iaciunt,
536 3705 670 3772 simulque
684 3703 836 3754 Snmsonem
857 3704 909 3754 sibi
928 3703 990 3754 dedi
1009 3703 1112 3755 iubent
1123 3704 1190 3772 quid
1200 3703 1262 3755 heic

193 3770 290 3822 lactum
319 3771 353 3822 eb
372 3773 521 3824 israelitis?
545 3775 668 3824 nimirum
696 3774 737 3823 illi
762 3774 872 3824 hostiles
899 3775 1020 3825 incursus
1034 3775 1114 3825 veriti
1143 3776 1260 3824 vinctum

193 3842 345 3894 Samsonem
370 3843 408 3893 eis
427 3842 536 3894 dedunt
564 3842 622 3894 lseic
639 3861 697 3894 cum
715 3844 764 3894 ille
783 3843 947 3895 Palaestinos
967 3844 1002 3894 ad
1019 3860 1047 3895 se
1064 3844 1260 3896 contendentes

193 3919 326 3972 cerneret,
352 3914 436 3980 ruptis
461 3912 574 3964 vinculis
596 3914 695 3982 quibus
714 3913 855 3965 adstrictus
882 3923 953 3976 erst,
970 3915 1039 3965 asini
1057 3915 1193 3965 maxillsm
1210 3931 1260 3965 na-

193 3989 249 4033 ctus
260 3981 333 4031 mille
346 3980 438 4032 horter
457 3983 590 4034 interficit.
610 4001 667 4035 cum
687 3993 776 4034 sutem
787 3991 861 4036 tants
879 3986 975 4035 sirium
992 3986 1164 4037 contentione
1181 4001 1278 4054 prae--

192 4052 303 4104 lisretur
322 4051 351 4102 in
376 4050 498 4113 hostem,
522 4054 620 4105 accidit
642 4063 672 4104 ut
697 4055 754 4106 sitis
781 4053 877 4106 ardens
899 4070 958 4105 eum
983 4057 1097 4122 graviter
1112 4055 1259 4124 adfligeret

192 4127 353 4193 quapropter
369 4118 447 4173 deum
465 4120 594 4185 obsecrat,
612 4123 659 4193 qui
676 4138 738 4177 moa
754 4139 832 4195 opem
850 4125 1025 4194 suppeditans
1040 4124 1174 4178 hominem
1193 4141 1258 4178 eon-
