2742 4617
203 315 285 373 m
539 306 753 375 tttctttms
781 307 944 374 Gitone

280 454 432 542 Πρύσεχε
454 458 569 523 λοιιιύν.
611 451 685 524 ύταν
700 457 832 544 μὲνγύρ
852 455 887 523 τύ
902 458 1071 540 λογιοτιιιύν
1090 451 1187 544 ἄρχῃ,
1210 479 1282 521 πει-

198 561 333 642 θύμενον
352 560 412 638 μὲν
432 553 531 644 ἑαυτῷ
546 554 581 623 τύ
602 559 770 638 θυμοειδὲς
791 554 879 638 ἔχον,
899 549 1031 632 ἀσθενὲς
1051 557 1087 620 di
1106 557 1161 622 ιιαὶ
1170 579 1281 620 ταιιει-

104 669 129 721 Ρ.
141 686 148 719 ι
159 687 185 721 ιο
197 661 248 725 νύν
266 655 303 722 τύ
326 653 559 739 ἐπιθυμητικόν,
577 647 649 720 ούτε
670 650 843 731 ἀκόλαστος
861 653 877 720 i
899 657 1038 730 τοιούτος
1050 657 1118 735 βίος
1138 646 1210 719 ούτε
1231 649 1279 720 οἷ-

110 765 230 835 ν.8γον
248 759 278 822 oi
301 754 413 844 ληοταί
439 757 548 835 βιοῦσι
577 758 631 820 ιιαί
662 755 832 838 τύραννοι,
853 746 933 818 itti
957 751 1072 836 σεμνύς
1095 748 1196 840 ιιύντη
1221 755 1281 818 κατ’

195 857 322 929 διἰιαιος.
364 855 419 917 καί
437 848 550 917 τούτου
570 850 667 937 χύριν
691 849 901 938 α’μφιβύλλειν
920 851 960 915 ού
979 851 1051 936 χρή.
1097 855 1128 917 εἰ
1146 849 1191 936 μὴ
1210 850 1305 937 γάρ5

193 961 287 1021 τούτο
307 947 355 1038 ἦν,
379 955 410 1018 εἰ
425 949 469 1034 μη
491 953 525 1028 ἐξ
545 953 643 1036 αύτῆς
655 952 710 1036 τῆς
733 947 877 1032 σώματος
893 953 1089 1035 κατασκευῆς
1107 943 1197 1026 οὗτος
1215 955 1276 1033 μὲν

193 1053 256 1119 ύιιύ
277 1055 391 1118 παθῶν
409 1046 544 1134 ἥττητο,
569 1052 683 1125 ἐκεῖνος
712 1052 748 1115 di
768 1050 864 1115 πάλιν
883 1049 1035 1134 ἐγκρατὴς
1056 1049 1164 1116 αύτοῖν
1185 1073 1276 1116 κατε-

194 1156 346 1239 φαίνετο,
375 1152 431 1214 ούιι
450 1143 490 1214 dr
518 1149 536 1212 ὅ
567 1154 666 1232 με’γας
684 1153 854 1227 Βασιλειος
874 1147 932 1214 τὸν
960 1151 1122 1234 προφήτην
1138 1149 1276 1214 Ἡσαΐαν

194 1249 397 1336 ἐξηγούμενος
428 1251 533 1332 εἰσῆγὲ
560 1273 648 1324 τινας
667 1251 703 1314 ἐκ
725 1247 852 1334 φύσεως
882 1245 1012 1332 ἔχοντάς
1030 1272 1099 1313 τινα
1121 1247 1275 1334 προτερη-

191 1343 279 1433 poio
301 1352 357 1414 eui
374 1346 453 1412 κοτύ
473 1371 508 1430 γε
528 1345 585 1432 την
605 1348 769 1433 σύγκρισιν
789 1349 844 1430 τῆς
864 1345 980 1432 σαρκὸς
1005 1350 1129 1412 πολλῶν
1159 1349 1322 1434 diupi-10

192 1474 304 1535 ροντας
324 1450 367 1524 εἰς
388 1447 545 1532 οἷνύληψιν
567 1448 740 1532 ἐπιστήμης
769 1441 791 1532 ἢ
811 1439 942 1531 ἄσκησιν
963 1439 1087 1532 οἷρετῆς.
1127 1449 1275 1512 ἐντεῦθεν

192 1539 249 1613 ούν
271 1545 327 1611 τού
345 1545 494 1632 οιύφρονα
525 1545 588 1611 ἴδοι
619 1570 667 1622 τις
698 1541 738 1610 dv
761 1545 816 1610 καί
842 1545 1033 1626 α’κύλιιστον,
1064 1545 1201 1630 θνμούδη
1219 1545 1276 1611 κατ’

162 1648 316 1730 ηιιρᾶον,
339 1648 498 1731 ἐχέφρονα
523 1649 579 1708 eoi
603 1643 649 1728 μη
670 1646 828 1725 τοιοῦτον,
864 1639 968 1728 ὥσπερ
996 1642 1035 1728 (λη’
1057 1649 1195 1720 καὶτοῖς
1215 1642 1274 1727 ἔμ-

192 1749 330 1830 προσθεν
344 1743 478 1828 εἴρηται.
497 1748 597 1808 ταῦτα
618 1747 677 1825 μὲν
697 1737 753 1806 σύν
775 1740 896 1808 δύναιτ’
918 1735 958 1807 εἴν
970 1767 1017 1818 τις
1038 1742 1091 1808 εἰεί
1108 1743 1145 1809 τύ
1167 1754 1272 1828 τρεῖτ-

190 1869 244 1911 τον
265 1846 455 1930 μεταφέρειν
473 1841 536 1908 οἷιιύ
556 1846 615 1909 τού
631 1845 792 1928 χείρονος,
824 1843 879 1906 καί
898 1843 951 1908 e‘ni
970 1841 1005 1906 τύ
1023 1851 1132 1926 χεῖρον
1152 1837 1194 1908 ού
1213 1849 1319 1924 tae-15

189 1948 351 2029 carpineta
380 1940 443 2008 ύιιύ
472 1947 529 2007 τού
548 1944 729 2027 κρείττονος.
779 1945 834 2006 eui
853 1943 948 2026 δῆλον
967 1945 1001 2020 ἔξ
1021 1935 1066 2006 ὧν
1086 1941 1102 2004 o‘
1123 1939 1272 2026 θεολόγος

189 2045 221 2108 Γ
218 2039 363 2128 ρηγύριος
390 2041 493 2124 ἔλεγεν
522 2040 676 2126 ,μῖριιετύν
702 2043 748 2130 τῷ
768 2041 891 2121 coinon
920 2037 939 2124 ἦ
966 2045 1060 2106 κακιά
1089 2043 1198 2107 αύτού.
1238 2044 1275 2108 τί

144 2208 148 2220 ,
190 2143 227 2206 d'i
249 2144 302 2206 δεῖ
318 2143 359 2228 τῇ
381 2139 476 2226 φλογὶ
497 2142 637 2215 πλείονος
657 2133 743 2223 ύλης,
766 2142 811 2226 τῷ
831 2143 932 2227 θηρίῳ
952 2141 1182 2224 δαψιλεστέρως
1199 2163 1271 2226 τρο-
1300 2167 1307 2182 ’

190 2245 275 2326 pic,-
294 2240 346 2304 iao
367 2236 576 2304 δυσκάθεκτον
596 2241 719 2323 γε’νητοιι
740 2237 796 2302 eui
814 2241 873 2303 τού
896 2239 1046 2319 λογισμού
1064 2239 1269 2323 βιαιότερον.”

188 2338 325 2422 πρόσεχε
347 2331 404 2401 ούν
423 2334 483 2402 ύσιι
501 2333 667 2418 βιύζονοιν
687 2333 822 2412 ἑαυτούς
844 2334 873 2400 oi
892 2341 1036 2412 θέλοντες
1056 2340 1115 2419 μὲν
1140 2361 1317 2424 coppo-ao

189 2447 262 2516 νεῖν,
283 2434 407 2519 ἔχοντες
430 2438 465 2500 δὲ
479 2434 514 2500 τύ
534 2432 761 2519 εἰιιθομητιιιύν
774 2434 925 2520 ἰσχυρόν·
970 2431 988 2518 ἡ
1008 2437 1068 2516 μὲν
1087 2435 1147 2522 γοίρ
1171 2435 1269 2524 φύσις

189 2535 226 2602 τύ
247 2530 360 2618 ἑαυτῆς
378 2537 411 2613 ἐξ
430 2533 565 2620 α’νύγκης
578 2537 725 2620 εἰιιζητεῖ,
747 2532 764 2598 o‘
787 2537 822 2599 di
837 2530 978 2619 ἁγνεύειν
1000 2532 1183 2622 αἱρούμενος
1201 2545 1268 2616 τοῖς

263 2687 301 2725 ιο.
319 2669 499 2744 σύγεραοινῖ

258 2792 347 2863 Atque
359 2791 411 2845 hoc
427 2793 488 2846 loco
504 2791 572 2864 quid
589 2792 637 2846 eim
649 2793 770 2848 dicturus
780 2794 956 2847 considerato.
975 2812 1032 2847 cum
1051 2794 1163 2846 rationis
1181 2793 1268 2846 sucul-

189 2871 231 2915 tae
248 2862 390 2932 imperium
404 2865 512 2916 obtinet
529 2865 611 2934 eique
627 2865 667 2916 vie
683 2865 823 2918 irascibilis
847 2875 937 2936 peret,
954 2873 1099 2935 appetente
1124 2865 1267 2918 debilitato

190 2934 385 3004 summisseque
411 2952 440 2987 ee
468 2943 592 3003 gerente,
619 2944 678 2988 tum
696 2953 758 2988 vero
785 2953 837 2988 nec
861 2938 1072 3005 intemperanter
1089 2933 1211 2988 homines
1226 2937 1269 2988 vi·

189 3012 271 3067 runt,
288 3020 340 3055 nec
356 3005 523 3074 praedonum
547 3014 596 3057 aut
621 3015 794 3074 tyrannorum
810 3007 839 3058 in
856 3023 968 3068 morem,
988 3005 1036 3058 red
1055 3005 1169 3059 honesto
1185 3007 1267 3076 piene

191 3076 317 3144 iustaque
340 3075 396 3126 vita
422 3075 537 3145 degitur.
555 3075 605 3128 hac
621 3076 656 3128 de
673 3093 701 3128 re
720 3076 837 3129 dubitari
863 3093 919 3128 non
937 3075 1026 3128 debet
1045 3093 1107 3128 nam
1126 3079 1149 3129 ei
1167 3093 1209 3128 ιει
1227 3078 1267 3130 ita

189 3154 344 3215 comparata
362 3161 418 3196 nou
442 3147 530 3211 foret,
548 3147 616 3199 etei
633 3149 752 3216 corporie
775 3149 805 3199 in
822 3146 914 3199 eadem
933 3155 1065 3199 etructurn
1082 3164 1137 3198 non
1156 3146 1201 3198 hic
1218 3147 1268 3199 ad-

192 3216 356 3268 iectionibus
376 3215 447 3268 soret
463 3217 611 3280 obnoxius,
627 3218 676 3269 iiie
698 3234 727 3269 ee
746 3219 912 3288 euperiorem
929 3218 962 3269 iie
981 3217 1145 3280 declararet,
1163 3234 1269 3288 neque-

191 3303 271 3357 quam
288 3303 397 3355 magno·
413 3287 461 3339 ille
484 3289 599 3339 Baeiiiue
616 3288 720 3340 Enniam
740 3297 828 3340 vatem
846 3305 970 3340 enarrane
988 3286 1117 3357 quondam
1135 3303 1151 3336 ι
1171 3296 1270 3340 natura

190 3357 355 3427 praecellere
380 3356 483 3410 diceret
509 3358 588 3422 aliie,
605 3368 634 3410 et
649 3360 735 3480 ipeiue
752 3361 833 3412 etium
859 3361 945 3411 carnis
964 3357 1162 3428 comparatione
1176 3357 1271 3412 multia

190 3437 342 3499 precatore,
367 3430 423 3480 eive
444 3429 473 3479 in
489 3431 618 3481 ocientiee
641 3448 657 3480 ι
669 3431 755 3482 icuiue
775 3431 948 3500 perceptione
966 3429 1021 3482 eive
1041 3429 1071 3479 in
1088 3428 1163 3480 cultu
1180 3428 1271 3480 virtu-

192 3499 236 3550 tie.
253 3499 318 3550 hinc
333 3498 425 3551 videre
452 3509 493 3551 eat
517 3500 605 3551 varios
621 3499 763 3564 hominen,
795 3508 975 3570 temperantes
996 3507 1024 3552 et
1041 3499 1269 3568 intemperantes,

192 3569 335 3622 iracundae
352 3579 381 3622 et
397 3571 495 3631 mitet,
515 3570 661 3640 prudentes
686 3581 714 3624 et
731 3569 865 3634 etolidoe,
889 3579 920 3622 ut
937 3587 1016 3640 eupra
1035 3585 1145 3640 quoque
1162 3571 1271 3620 monui·

191 3655 259 3689 moe.
279 3648 362 3710 atque
387 3639 454 3692 hoec
471 3639 505 3691 de
530 3640 691 3693 condicione
718 3641 851 3693 deteriore
871 3641 899 3691 in
916 3641 1012 3693 meliur
1031 3640 1188 3692 commutari
1204 3655 1270 3709 poe.

193 3717 272 3770 eunt,
288 3727 319 3760 ec
337 3711 452 3763 vicissim
467 3711 577 3763 abono
596 3713 626 3763 in
642 3713 719 3780 peiue
739 3711 804 3763 licet
824 3710 976 3776 deflectere,
992 3710 1217 3781 quemadmodum
1237 3727 1270 3762 ex

193 3777 268 3829 hicce
287 3779 410 3848 Gregorii
433 3781 554 3850 theologi
582 3782 671 3834 verbio
696 3782 838 3852 perspicue
869 3782 1052 3852 intelligimus.
1071 3783 1134 3834 natio
1153 3789 1208 3843 eet,
1226 3781 1271 3831 in·

192 3848 270 3917 quit,
291 3853 397 3919 corpori
417 3869 465 3904 eun
480 3853 621 3904 vitioeitae.
636 3871 684 3905 cur
703 3851 821 3903 flammae
841 3854 966 3906 materies
983 3852 1098 3924 amplior
1114 3849 1271 3922 suppedite-

193 3918 260 3970 tur?
281 3935 328 3969 cur
347 3920 412 3972 huic
427 3924 538 3976 belluae
557 3925 748 3975 nutrimentum
766 3923 883 3991 largior?
911 3931 942 3975 ut
963 3921 1141 3976 intractabilia
1167 3922 1270 3974 scilicet

192 3990 243 4040 fiat
258 4005 290 4040 ec
305 3991 436 4042 rationem
452 3993 582 4045 violentie
599 4012 647 4046 tue
660 4001 777 4063 cuperet.
794 3994 910 4045 animum
929 3995 937 4044 i
956 3995 1010 4046 itur
1020 3994 1162 4047 advertito.
1183 4007 1270 4061 quan·
1340 3987 1352 4014 ⁸

192 4069 250 4109 tarn
268 4059 321 4110 eibi
345 4060 399 4108 vim
417 4062 542 4114 adierant
557 4063 682 4116 homine·
699 4065 719 4116 ii
738 4065 785 4134 qui
803 4063 872 4134 frugi
892 4011 1001 4134 quidem
1020 4081 1078 4117 ecee
1097 4065 1209 4133 cupiunt
1227 4063 1269 4111 vi-

192 4137 304 4199 temque
320 4130 466 4195 angelicam
493 4131 608 4193 imitari,
628 4151 721 4186 verum
745 4134 898 4187 facultatem
917 4143 1090 4206 appetentem
1109 4135 1137 4186 in
1155 4149 1182 4186 ee
1200 4131 1270 4183 veli-

194 4199 256 4252 dam
273 4199 394 4251 eentiunt
412 4201 522 4268 (etenim
536 4211 631 4260 nature
650 4205 764 4274 requirit
782 4223 813 4258 ee
830 4221 900 4277 quae
919 4223 966 4260 tue
986 4215 1060 4276 σοιτίς
1078 4205 1155 4258 cuiue
1172 4201 1269 4256 voiun-
