2742 4617
176 270 214 325 V!
491 261 662 323 sutum
693 260 932 324 PRAEFATIO.

130 458 132 467 ·
173 419 357 521 egregius,
394 416 500 519 quod
529 414 700 505 decebat,
726 418 905 523 scriptori
936 440 1029 499 suo,
1053 415 1121 489 ubi
1148 415 1257 491 labo·

175 542 306 627 rabat,
332 540 387 615 ibi
410 564 649 629 succurrere,
672 538 738 613 sed
763 542 806 616 in
829 557 997 616 extremo
1009 536 1165 613 demum
1189 566 1258 613 vo-

174 666 323 741 lumine
354 664 518 739 orationi
558 664 639 757 eius
670 662 819 740 mendis
848 662 991 740 obsitae
1030 663 1261 765 lacunisque

171 788 296 865 hianti
331 786 474 863 mederi
500 788 635 892 coepit
662 812 731 891 ego
754 813 843 863 vero
865 786 1065 864 decessoris
1090 787 1165 862 mei
1193 788 1257 861 in-

172 910 416 989 commodum
452 909 697 987 commodum
729 936 859 987 meum
889 912 1112 1000 arbitratus,
1152 910 1257 987 nihii

169 1032 379 1113 admodum
403 1030 509 1137 (prod
532 1060 681 1138 agerem
703 1058 892 1139 superesse
915 1033 1067 1140 putavi,
1088 1036 1119 1111 si
1144 1036 1258 1139 quic-

172 1159 271 1263 quid
294 1158 468 1236 Labbeus
502 1158 560 1234 vel
600 1152 878 1236 emendationis
905 1159 963 1233 vel
993 1158 1254 1263 supplementi

172 1285 214 1361 in
249 1300 430 1360 notarum
450 1306 618 1381 suarum
649 1281 804 1357 latebris
836 1279 1056 1366 abdidisset,
1084 1281 1126 1356 id
1160 1270 1256 1357 inde

170 1424 412 1511 protractum
434 1407 587 1509 suisque
610 1406 704 1481 locis
715 1405 924 1511 repositum
949 1405 992 1480 in
1016 1424 1255 1511 praesentem

171 1556 286 1605 usum
318 1546 586 1605 converterem.
615 1527 688 1603 feci
717 1526 866 1616 sedulo,
896 1529 1114 1633 paratisque
1134 1529 1256 1633 copiis

171 1670 374 1729 contentus
389 1678 503 1728 novas
525 1650 618 1729 adeo
632 1679 713 1729 non
735 1652 916 1755 requisivi
940 1670 986 1728 ut
1008 1654 1124 1727 etiam
1147 1653 1257 1728 ultro

173 1762 310 1852 oblatis
331 1774 593 1860 abstinuerim,
617 1776 723 1851 velut
740 1776 818 1865 illo,
842 1800 959 1880 quem
972 1774 1021 1851 ab
1041 1775 1122 1880 ipso
1147 1794 1254 1851 trans

172 1900 371 1975 Oceanum
395 1900 570 1975 Bostonio
600 1899 815 2002 Pickeringi
845 1898 1097 2004 promittebat
1117 1899 1254 1974 huma-

170 2022 281 2111 nitas,
306 2021 435 2106 seculi,
460 2038 506 2097 ut
528 2021 661 2109 fertur,
687 2020 826 2096 decimi
853 2022 954 2096 tertii
980 2019 1118 2098 codice.
1145 2038 1257 2099 notas

170 2162 300 2219 autem
337 2144 497 2235 Labbei,
544 2146 690 2281 quippe
734 2141 897 2248 demptis
937 2170 1038 2247 quae
1072 2144 1253 2221 criticum

171 2292 283 2342 usum
304 2264 491 2341 haberent
514 2266 736 2352 exinanitas,
761 2264 988 2343 omittendas
1011 2293 1088 2343 esse
1110 2270 1253 2344 censui.

170 2416 242 2465 uec
265 2390 408 2465 servavi
433 2412 532 2492 quae
556 2408 751 2508 praeterea
781 2387 982 2469 addiderat
1004 2389 1122 2470 editio
1145 2396 1252 2469 Pari-

170 2512 320 2601 siensis,
342 2512 482 2589 codicis
505 2511 868 2593 Fontisebraldensis
900 2514 1087 2603 indicem,
1106 2518 1251 2622 Glycae

171 2635 446 2741 disputationes
479 2636 573 2713 duas
606 2636 883 2740 theologiense
914 2642 1089 2718 Pontano
1114 2640 1251 2718 Latine

168 2759 299 2849 editas,
311 2762 469 2838 Meursii
484 2760 531 2836 de
538 2758 741 2837 Theodoro
751 2760 957 2838 Metochita
968 2764 1249 2869 praeloquium,

168 2882 389 2989 Nicephori
401 2886 590 2987 Gregorae
604 2882 650 2959 dc
674 2881 807 2963 eodem
817 2882 1018 2963 Theodoro
1034 2888 1250 2967 orationem

165 3006 381 3099 funebrem,
404 3008 624 3085 Leunclavii
649 2980 825 3112 denique
838 3010 1040 3085 annalium
1056 3010 1249 3115 Glycano-

166 3160 257 3209 rum
279 3131 328 3208 ad
353 3150 504 3239 captam
528 3160 551 3209 a
574 3132 710 3209 Turris
739 3132 879 3209 urbem
901 3134 1247 3211 continuationem·

167 3280 211 3329 ea
236 3258 341 3333 enim
371 3256 501 3332 omnia
531 3274 600 3332 aut
634 3282 776 3363 parum
807 3259 1010 3334 necessaria
1040 3284 1116 3335 esse
1144 3255 1246 3333 vide·

167 3376 313 3455 bantur
343 3397 413 3455 aut
442 3378 491 3455 ab
524 3378 597 3456 hoc
627 3379 808 3459 historiae
830 3382 1058 3485 Byzantinae
1087 3408 1246 3489 corpore

168 3502 304 3579 aliena.

264 3676 378 3753 Scrib.
404 3678 568 3754 berolini
601 3675 652 3752 id.
678 3681 758 3753 Ian.
783 3704 815 3753 a.
845 3678 947 3756 1835.

558 3930 635 3940 n...-
639 3931 780 3940 .........
785 3930 819 3939 a..
