2742 4617
457 266 672 333 naumann
700 270 804 337 raas
833 274 859 336 1.
1155 251 1204 335 ri

117 418 217 510 αότῆς
238 422 293 489 ὕπ’
323 415 448 505 όνέμτον
476 425 638 507 ἐγίνοντο·
676 426 780 501 αἴτιος
799 424 937 511 μὲνγὰρ
960 427 1020 491 τοῦ
1036 430 1169 510 σεισμοῦ
1189 428 1237 493 dc

114 522 194 601 θεός
216 520 297 587 suad
321 520 377 586 τόν
398 520 524 587 εἰπόντα
553 522 718 611 προφήτην
738 525 778 607 „ri
802 528 982 609 ἐπιβλέπων
1002 524 1056 591 ε’πό
1074 526 1132 611 τήν
1151 531 1209 611 γῆν

112 624 170 689 καί
194 627 295 687 ποιῶν
315 619 416 708 αὐτὴν
435 624 592 707 τρέμειν,”
613 624 647 688 τό
671 626 707 690 δὲ
727 628 860 707 συνεχὲς
879 625 992 691 τοότου
1012 629 1131 710 γίνεται
1152 631 1209 693 καί

111 722 202 809 παρὰ
224 720 281 807 τὴν
301 722 365 786 τῶν
386 716 540 805 όπογείοον
557 710 685 804 ’ἀνέμων
705 728 835 808 κίνησιν.
879 723 932 789 διό
956 723 1016 810 γὰρ
1038 730 1131 791 τοῦτο
1154 729 1210 790 κατ’

85 827 270 891 dinariorum
290 820 435 904 μεγάλων
455 825 595 902 σεισμῶν
614 816 725 903 όνεμοι
739 827 783 911 τῷ
803 817 874 889 τότε
894 826 951 888 cais
972 826 1071 907 εἰσίν,
1089 824 1133 903 τός
1157 827 1208 908 ἐγ-

112 924 303 1003 κλειομὲναν
334 922 440 986 adreio
472 916 621 986 όποκότα
647 921 727 988 κατὰ
754 924 869 999 τόπους
888 926 946 991 καί
967 928 1089 1006 μᾶλλον
1109 924 1209 990 cludr-

114 1045 224 1109 τρους.

198 1123 241 1187 Εἰ
269 1124 304 1185 δὲ
335 1119 391 1185 real
414 1122 451 1185 τί
465 1123 549 1186 ἐστιν
583 1114 736 1206 δόνεμος
764 1126 921 1209 ἐπιζητεῖς
945 1126 1002 1190 καί
1018 1123 1117 1189 πόθεν
1141 1121 1209 1207 ἔχει
1267 1154 1271 1164 ’

110 1220 171 1307 τὴν
191 1222 332 1305 γένεσιν,
366 1223 485 1286 εἰδέναι
514 1222 655 1307 ὀφείλεις
687 1219 738 1288 δτι
764 1226 845 1299 τινὲς
866 1228 926 1306 μὲν
945 1222 1002 1289 τόν
1022 1224 1104 1308 οἷέρα
1128 1227 1212 1310 φασὶ

70 1320 299 1401 ιονιυοόμευον
325 1319 382 1395 τός
403 1324 464 1385 ταῖν
487 1320 609 1401 ἇνὲμοιν
628 1315 733 1405 αὔρας
755 1326 906 1408 παρέχειν
926 1324 1017 1408 ἡμῖν,
1050 1328 1149 1405 ἓτερον
1172 1325 1210 1388 di

111 1416 210 1485 πόλιν
231 1422 267 1483 ἐκ
295 1421 351 1504 τῆς
379 1418 566 1497 καπνώδους
594 1419 842 1503 όναδυμιόσειος
865 1426 1039 1507 γεννᾶσθαι
1059 1421 1115 1489 τόν
1136 1413 1208 1486 dve-
1252 1448 1255 1452 ²

111 1544 174 1602 μον
194 1521 383 1605 φάσκουσιν.
428 1512 475 1594 οἷς
495 1519 534 1604 δὴ
559 1522 615 1585 καί
633 1524 804 1604 προσέχειν
824 1545 860 1587 σε
883 1525 976 1587 πλέον
994 1521 1162 1603 βούλομαι.
1184 1518 1207 1604 ἦ

111 1624 173 1699 μὲν
192 1617 255 1702 γὰρ
292 1621 348 1683 τοῦ
370 1620 463 1702 α’έρυς
482 1622 605 1704 κίνησις
623 1618 753 1697 ἔκλυτος
776 1619 918 1705 ὑπάρχει
938 1624 994 1688 καί
1012 1621 1162 1705 χαλαρό,
1185 1618 1237 1704 ἧς)

112 1722 148 1784 δὲ
180 1722 238 1783 τοῦ
269 1720 387 1799 όνὲμον
416 1721 581 1805 βιαιοτέρα
611 1722 723 1785 τεκαὶ
751 1718 930 1807 τυραννική.
981 1720 1038 1785 real
1058 1725 1151 1806 δῆλον
1172 1723 1206 1799 ἔξ
1242 1703 1247 1716 ’
1284 1793 1288 1799 ⁴

73 1820 221 1887 r5oesiru3v
240 1824 305 1883 τῶν
325 1821 480 1898 σεισμῶν·
531 1820 628 1894 ου’δὲν
652 1819 715 1906 γὰρ
742 1822 850 1903 ἕτερόν
876 1823 962 1885 ἐστιν
983 1816 1001 1885 o‘
1024 1819 1155 1902 σεισμός
1176 1822 1208 1884 εί

113 1915 158 2001 μὴ
177 1913 326 1999 όπόμειος
355 1910 476 1997 όνεμος.
527 1918 689 2003 τεσσάρων
718 1922 752 1984 δὲ
775 1912 873 1984 όντων
894 1920 937 1995 ὥς
956 1922 1053 1985 εἰπεῖν
1074 1925 1206 1985 καθολι-

113 2021 176 2081 νοῖν
196 2014 347 2099 ἀνίμων,
379 2017 557 2101 duplicis-pc
585 2022 644 2098 μὲν
665 2016 719 2081 καί
749 2021 885 2103 ζέφυρος
906 2018 962 2081 asin
980 2018 1044 2083 elul
1069 2017 1206 2103 σφοδρό-

112 2138 219 2199 τατον,
242 2120 363 2199 βορρᾶς
395 2118 431 2180 δὲ
463 2116 519 2179 καὶ
547 2113 637 2191 νότος
657 2116 937 2200 superseminaret,
968 2115 1051 2182 διότι
1078 2119 1113 2181 όν
1146 2119 1206 2198 μὲν

111 2220 155 2305 τῷ
174 2221 288 2305 βορείῳ
311 2216 367 2281 καί
384 2220 477 2307 νοτίῳ
499 2219 607 2304 πόλρι,
634 2212 710 2281 ὅθεν
728 2216 745 2281 ὃ
765 2221 886 2303 βορρᾶς
905 2222 962 2283 κατ’
979 2218 997 2281 o‘
1016 2215 1104 2293 νότος
1122 2228 1202 2298 πνεῖ,

66 2314 157 2400 τομὴ
178 2314 338 2399 γινόμενος
367 2312 384 2381 δ
412 2313 501 2400 ἥλιος
530 2316 568 2378 οδ
594 2316 762 2401 θερμαίνει
780 2314 820 2381 τό
855 2319 957 2382 ε’κεῖσε
975 2320 1098 2401 χωρία,
1119 2316 1201 2382 α’λλό

111 2419 200 2497 μένει
221 2413 343 2500 ψυχρά,
365 2412 480 2503 ψυχρὰ
505 2418 540 2481 δὲ
560 2408 635 2480 όντα
653 2414 707 2481 clei
724 2412 835 2498 ἔνικμό
855 2418 948 2498 εἰσιν,
971 2411 1051 2481 ιδστε
1073 2407 1202 2499 όμβραιν

111 2518 238 2579 πολλῶν
262 2516 436 2597 γενομένων
468 2515 522 2579 διό
554 2513 611 2601 τόν
633 2520 750 2599 ψῦξιν,
777 2511 843 2583 εἶτα
863 2518 919 2600 τῆς
950 2518 1008 2601 γῆς
1024 2515 1200 2601 διαβρόχου

112 2826 158 2873 est
176 2816 229 2870 nisi
248 2816 335 2869 locum
360 2818 442 2870 istum
462 2818 542 2870 initio
571 2834 657 2870 τετιιιπ
675 2818 772 2871 sortita
799 2825 885 2879 esset,
902 2834 959 2869 non
976 2820 1057 2870 ctiam
1068 2834 1118 2888 per
1133 2804 1202 2871 ren-⁹

110 2900 157 2943 tos
178 2889 260 2941 certis
282 2889 312 2939 in
333 2888 399 2939 locis
417 2896 584 2959 quateretur.
613 2890 714 2941 etenim
735 2897 825 2941 terrae
842 2889 971 2941 medonis
987 2906 1065 2941 causa
1087 2888 1200 2958 quidem

111 2970 157 3015 est
175 2959 257 3022 deus,
278 2959 427 3017 secuudum
445 2958 516 3011 illud
543 2959 611 3011 vatis
628 2959 740 3011 verbum
757 2960 824 3030 „qui
841 2968 940 3011 terram
957 2959 1075 3029 adspicit
1093 2968 1122 3010 et
1138 2976 1199 3011 eam

109 3032 180 3084 iacit
198 3038 313 3083 tremere
322 3032 346 3081 :'¹
362 3048 455 3082 verum
471 3030 633 3101 plerumque
649 3040 791 3082 ventorum
808 3031 1045 3083 subterraneorum
1064 3030 1106 3083 ris
1123 3046 1201 3081 acce-

109 3103 163 3154 dit.
182 3110 328 3171 propterea
346 3100 552 3153 vehementibus
571 3101 600 3152 in
619 3100 837 3153 successionibus
859 3110 946 3154 terrm
963 3101 1035 3153 nulli
1053 3108 1118 3153 sunt
1134 3117 1200 3154 ven-

107 3176 150 3238 ti,
169 3181 301 3241 tanquam
317 3173 429 3224 inclusis
448 3174 487 3224 eie
505 3172 576 3223 inira
596 3177 712 3235 terram,
738 3173 806 3224 locis
823 3173 981 3243 praesertim
1000 3172 1159 3224 cavernosis.

183 3243 290 3311 Quodsi
321 3244 403 3295 etiam
429 3259 589 3313 cognoscere
613 3242 653 3295 vis
681 3243 749 3313 quid
768 3244 803 3295 sit
830 3251 927 3297 ventus
947 3252 976 3295 et
991 3242 1065 3294 unde
1082 3243 1200 3307 oriatur,

108 3317 181 3367 scito
198 3314 347 3367 nonnullos
366 3313 475 3367 tradere
493 3312 567 3385 quod
588 3319 636 3365 aer
662 3322 752 3367 motus
767 3322 909 3367 ventorum
927 3313 1008 3365 nobis
1025 3330 1103 3365 auras
1118 3330 1199 3384 prae-

108 3388 185 3438 beat.
203 3386 252 3437 alii
277 3402 341 3437 vero
365 3384 399 3437 de
427 3386 516 3439 lumea
535 3386 613 3455 quasi
631 3384 746 3454 quadam
775 3387 967 3456 evaporatione
993 3392 1104 3436 ventum
1124 3385 1199 3453 gigni

109 3457 223 3519 dicunt,
242 3456 343 3525 quibus
360 3454 462 3509 habere
482 3466 510 3509 te
530 3456 610 3508 iidem
633 3455 705 3507 volo.
730 3474 794 3508 nam
826 3458 898 3510 airis
915 3454 1001 3507 motio
1018 3455 1138 3525 quietior
1156 3462 1200 3507 est

109 3544 141 3579 ac
159 3527 286 3592 mollior,
304 3528 379 3579 venti
399 3544 463 3581 vero
481 3526 681 3590 vehementior,
700 3529 803 3581 maiore
814 3529 841 3581 vi
860 3538 943 3597 atque
961 3526 1064 3594 impetu
1085 3526 1197 3578 ruentis.

109 3606 202 3667 potest
231 3598 284 3651 hoc
312 3600 379 3668 ipsis
407 3616 440 3651 ex
458 3598 577 3651 motibus
602 3607 692 3651 terrae
715 3601 855 3668 cognosci:
883 3597 956 3650 nihil
973 3597 1043 3647 enirn
1062 3595 1138 3648 aliud
1156 3605 1199 3650 est

110 3678 289 3723 terraemotus
307 3686 386 3739 quam
407 3678 503 3721 ventus
521 3670 721 3722 subterraneus.
751 3688 811 3721 cum
827 3679 919 3722 autem
937 3675 1067 3736 quattuor
1083 3668 1138 3719 sint
1153 3669 1198 3737 (ut

111 3740 150 3791 ita
171 3740 280 3813 loquar)
304 3741 470 3793 universales
493 3742 582 3805 venti,
613 3740 774 3793 subsolanus
797 3740 908 3812 quidam
936 3756 968 3789 ao
990 3738 1112 3790 favonius
1140 3755 1198 3790 non

109 3812 256 3864 admodum
273 3812 448 3865 vehementes
462 3820 539 3876 snut,
568 3814 662 3881 aquilo
681 3828 746 3863 vero
765 3819 793 3863 et
818 3820 909 3862 auster
924 3810 1028 3878 impetu
1045 3827 1077 3860 ac
1093 3809 1121 3860 si
1138 3827 1197 3860 ma·

109 3884 179 3933 xima
199 3893 288 3935 nerant
308 3902 370 3936 narn
387 3904 447 3936 cum
469 3884 537 3935 locis
553 3883 707 3955 aquilonali
724 3883 891 3951 australique
908 3881 973 3949 polo
994 3880 1131 3942 subiectis,
1144 3898 1197 3931 un-

110 3952 146 4003 de
167 3962 221 4005 tam
237 3955 332 4024 aquilo
357 3972 436 4024 quarn
456 3964 548 4008 asister
564 3957 704 4016 oriuntur,
723 3954 788 4005 solis
808 3952 881 4005 desit
898 3953 1067 4022 praesentia,
1085 3966 1196 4002 necesse

109 4030 151 4073 est
170 4040 202 4075 ea
214 4025 303 4077 miuus
315 4028 493 4091 incalescere,
517 4042 676 4097 semperque
694 4034 752 4076 tum
780 4024 887 4094 frigoris
904 4026 981 4093 copia
1000 4033 1056 4077 tum
1074 4020 1196 4072 humoris

108 4092 257 4145 abundare.
277 4112 332 4165 qno
351 4096 383 4149 fit
399 4106 430 4149 ut
448 4106 560 4167 propter
577 4096 752 4165 frigiditatem
769 4096 868 4149 exortis
887 4096 1046 4167 frequenter
1061 4089 1196 4143 imbribus

107 4164 275 4235 irrigataque
288 4166 436 4239 plurimum
453 4179 525 4223 terre
541 4170 645 4240 copiosi
659 4168 799 4242 lumeiqne
815 4184 929 4241 vapores
942 4168 1003 4219 istic
1020 4159 1196 4223 adscendunt,
