2742 4617
164 278 188 337 Χ
479 274 622 335 lillllllil
654 273 893 336 PRAEFATIO.

159 423 266 484 τέκνον
299 426 356 484 καί
384 422 546 505 ἀγαπητοῦ
567 424 718 486 vocabula
736 434 858 507 patrem
880 426 983 508 potius
1013 446 1108 508 quam
1136 424 1242 487 senio-

161 542 280 585 remae
311 524 506 604 magistrum,
541 523 682 607 discipuli
704 534 757 585 ant
777 524 867 585 amici
896 525 1012 585 iuvenis
1036 524 1136 605 gratia
1164 546 1240 605 opus

158 620 233 683 illud
253 621 495 695 elucubrantem,
519 622 686 705 designant.
708 632 834 705 praeter
853 623 981 684 Annales
1001 624 1153 705 scripsisse
1177 622 1240 683 ‹lis-

154 722 333 784 sei-tationes
365 722 549 805 theologicas
581 744 621 784 cx.
655 725 820 805 specimine
848 724 981 785 Pontani
1011 724 1108 783 nostri
1143 744 1239 804 opera

155 819 238 882 calito
268 818 375 894 didici;
404 824 545 905 epistolas
571 843 697 905 quoquc
720 824 760 884 V.
781 824 818 883 C.
843 824 907 883 Leo
928 822 1054 883 Allatius
1078 821 1237 904 adiungit,

156 942 230 1003 quas
251 920 389 983 nondum
409 922 482 983 ridi.
506 933 627 985 caetera
649 920 687 983 de
709 944 747 984 co
769 921 845 982 mihi
867 923 972 1005 ignota
991 922 1156 1003 prolitcor.
1175 919 1239 981 boc

153 1028 239 1083 certe
260 1020 470 1104 exploratum,
491 1021 596 1083 studiis
621 1045 640 1082 a
660 1042 761 1105 puero
785 1020 924 1082 deditum
942 1022 1047 1100 fuisse,
1067 1016 1239 1104 φιλόπονον

153 1114 209 1181 καὶ
242 1122 428 1203 φιλομαθῆ,
454 1122 508 1205 qui
538 1129 587 1185 tot
617 1130 744 1205 tamque
770 1122 871 1181 varios
897 1142 999 1181 sacros
1027 1121 1239 1204 profanosque

154 1220 321 1302 scriptores
350 1220 522 1299 evolverit,
557 1242 592 1283 ex
621 1242 732 1283 eorum
760 1220 906 1303 operibus
937 1220 1065 1281 illustria
1096 1241 1239 1304 quaeque

152 1318 355 1403 excerpserit,
377 1321 522 1405 miroque
543 1321 674 1385 artificio
697 1320 729 1381 in
752 1320 840 1381 unius
862 1320 1011 1382 orationis
1023 1318 1135 1383 seriem
1152 1340 1233 1383 con·

152 1418 268 1485 tulerit.

231 1518 279 1580 Ad
306 1520 459 1583 Graecum
480 1522 643 1584 Annalium
680 1529 798 1585 textum
818 1517 904 1603 quod
923 1526 1061 1601 spectat,
1094 1518 1180 1579 illum
1200 1540 1236 1580 cx

151 1617 271 1681 duobus
293 1619 525 1683 Claromontani
549 1623 646 1683 nostri
669 1620 790 1705 collegii
811 1616 1035 1701 exemplaribus
1057 1617 1236 1680 describen-

151 1718 226 1779 dum
245 1720 372 1797 curavi,
404 1742 576 1805 eorumque
607 1722 728 1784 lacunas
761 1719 963 1783 librariorum
985 1716 1094 1779 fraude
1113 1726 1168 1779 aut
1187 1718 1238 1777 in-

154 1819 243 1881 curia
262 1819 437 1902 frequentes
458 1820 575 1903 partim
595 1819 920 1883 choatisebraldeusi
942 1816 1048 1879 codice
1070 1840 1088 1877 a
1110 1817 1236 1879 celsissi-

149 1942 200 1981 ma
209 1918 354 2002 Principe
374 1921 453 1982 sacri
477 1920 555 1981 illins
564 1914 769 1983 parthenonis
789 1919 924 1981 antistita
936 1917 1080 2001 generali,
1101 1916 1239 1980 lohanna

150 2019 319 2104 Baptistide
339 2020 507 2099 Borbonia,
528 2020 605 2083 mihi
618 2020 833 2083 humanissime
855 2016 1103 2096 communicato,
1121 2018 1238 2100 partim

150 2143 186 2183 cx
214 2120 365 2184 submissis
396 2123 496 2184 Roma
532 2120 722 2183 vallicellani
756 2142 792 2181 ac
821 2116 986 2179 Monachio
1013 2118 1237 2179 Bavaricorum

151 2220 293 2286 codicum
314 2220 452 2281 subsidiis
474 2243 493 2281 a
506 2221 575 2282 VV.
594 2220 657 2281 CC.
669 2221 754 2281 Luca
775 2217 933 2281 Holstenio
954 2224 987 2279 et
1007 2216 1133 2279 Simone
1155 2216 1235 2277 Wa-

150 2318 316 2403 gnerechio
337 2318 370 2380 S.
404 2320 429 2379 1.
457 2318 495 2381 Ρ.
514 2316 671 2400 supplevi,
709 2317 861 2379 variantes
898 2315 1044 2378 lectiones
1070 2316 1240 2399 adscripsi,

149 2418 327 2481 Leunclavii
356 2417 646 2501 interpretationem
680 2417 712 2479 in
732 2417 888 2501 plerisque
915 2417 1091 2495 emendavi,
1113 2416 1235 2499 aliaque

151 2518 277 2603 insuper
310 2516 428 2598 adieci,
453 2539 532 2601 quae
559 2538 595 2579 ex
625 2517 883 2579 Aunotationibus
915 2516 1105 2578 commodius
1139 2537 1237 2599 repa*

84 2648 86 2652 v
152 2627 269 2681 lentur.

234 2718 339 2779 Unum
363 2728 465 2781 tamen
486 2719 538 2779 hic
560 2720 707 2781 omittere
727 2739 859 2802 nequeo,
884 2715 1051 2779 iohannem
1065 2716 1236 2801 Meursium

149 2816 317 2881 delibatum
344 2828 490 2901 exparte
519 2822 556 2881 lll
579 2819 735 2881 annalium
754 2819 852 2879 nostri
874 2817 989 2903 Glycae
1008 2808 1189 2897 τεμάχικος,
1214 2840 1234 2879 a

88 2947 94 2967 ι
148 2917 225 2979 ΙιιΙίο
249 2918 376 2978 Caesare
405 2918 444 2979 ad
465 2919 699 2981 Constantinum
731 2922 896 3003 Magnum,
922 2919 1042 2978 Graece
1070 2938 1106 2977 ac
1124 2918 1238 2979 Latine

147 3016 288 3101 Lugduni
308 3017 497 3079 batavorum
531 3018 657 3081 edidisse
692 3027 725 3080 et
743 3017 913 3080 Theodoro
943 3014 1130 3077 Metoclsitae
1155 3016 1234 3077 falso

149 3116 304 3194 tribuisse,
323 3115 431 3178 additis
455 3118 599 3180 brevibus
621 3118 702 3181 notis
725 3128 757 3180 et
776 3116 944 3200 Nicephori
975 3117 1135 3197 Gregorae
1157 3138 1233 3177 nae.

147 3217 213 3289 nia3
233 3237 313 3299 quae
332 3216 394 3277 suis
425 3217 499 3279 locis
520 3219 654 3280 inserere
689 3240 753 3279 non
772 3216 928 3293 dubitavi,
961 3224 997 3277 nt
1018 3214 1095 3276 nihil
1113 3237 1233 3279 neccsse

146 3317 185 3378 sit
205 3314 319 3379 iterum
340 3316 448 3399 praelo
471 3317 802 3379 subiicerellomanam
831 3316 924 3393 illam,
945 3323 982 3375 ut
1002 3314 1152 3397 appellat,
1173 3316 1230 3375 lli.

146 3417 284 3479 storiam.
324 3426 445 3479 tantum
464 3426 494 3481 te
516 3418 685 3497 morabor,
713 3418 835 3481 erudite
855 3417 965 3481 lector.
990 3414 1072 3494 vale,
1094 3424 1126 3479 ct
1146 3413 1236 3501 ‹puod

146 3517 232 3597 facis,
255 3516 360 3581 studiis
382 3518 492 3581 uostris
514 3519 620 3583 lavere
638 3540 743 3603 perge.

538 3820 813 3837 Q*
