2742 4617
434 294 646 363 ποσιτιον
675 293 777 359 nens
809 293 862 357 ιν.
1092 274 1175 364 563

86 453 208 535 μοῦνοί
222 470 298 514 ποτε
319 446 396 511 κατὰ
417 450 473 534 την
493 444 632 533 μεγόλην
660 452 802 533 πέμπτην
822 444 841 511 ό
861 444 1031 533 ἱπποκόμος
1048 456 1213 534 ἕπτστάςν.
1227 468 1275 525 tot

87 550 203 635 ἔλεγεν
221 549 264 625 ὦς
284 540 348 631 ἄρα
367 557 511 613 τετοκυῖα
535 545 584 632 εἴη
605 548 757 630 ἐπίσημος
776 544 911 633 proprisis.
953 546 1020 615 ὅδ’
1037 552 1101 618 ost
1121 580 1178 621 πι-

89 649 264 733 ριχαρείσς
288 644 323 710 τό
357 648 412 729 τῆς
442 650 535 722 θείας
567 644 763 727 λειτουργίας
791 643 964 714 ὑπόλοιπον
994 648 1038 726 οός
1066 648 1178 737 ἔτυχεν

90 744 349 830 ἀποπληρώσας,
383 746 534 827 δρομαῖος
553 746 731 830 ἀφικνεῖται
752 742 832 828 πρός
852 742 889 808 τό
911 749 1101 833 Κυσμίόιον,
1123 756 1181 819 καί

55 844 150 913 ὅτόν
178 844 332 927 τεχθέντα
361 844 467 908 πῶλον
498 838 647 927 impostis
677 843 774 906 πόλιν
801 833 1000 929 όπίστρεψε,
1030 848 1089 933 την
1116 855 1179 916 τοῖν

91 940 198 1028 ἁγίων
227 947 343 1007 πσθιόν
369 944 539 1014 όνεελὲσων
568 940 740 1030 όμνηιόίαν.
790 939 941 1025 βιοτεόων
961 938 1019 1009 οόν
1037 946 1180 1026 ότόιιτως

92 1044 312 1127 καταστρέφει
346 1040 403 1107 τόν
430 1044 502 1122 βίον
528 1038 563 1105 όν
580 1064 640 1106 τινι
674 1039 775 1123 τείχει
806 1042 870 1105 τῶν
896 1048 1179 1129 παραθαλαττιων,

93 1144 277 1225 θραυσθείς
302 1138 512 1220 ἱππαζόμενος
542 1142 598 1203 τισί
617 1130 698 1219 alpe
730 1136 782 1202 όιοὶ
803 1143 864 1203 τοῦ
882 1138 1036 1222 στόματος
1059 1144 1180 1229 α’ναγα.

93 1238 182 1325 χοόν·
237 1240 384 1305 ἐντεῦθεν
414 1236 476 1325 γόρ
507 1240 600 1303 δυσίν
627 1236 711 1302 ἔτεσι
739 1238 980 1323 νοσηλευόμενος
1000 1245 1057 1308 καί
1074 1244 1180 1333 όόίρηι

29 1362 87 1405 -so
97 1336 280 1425 περιπεσών
298 1336 517 1421 ότελεότησεν,
548 1339 698 1419 εόνοῦχος
726 1330 773 1399 τόν
803 1334 858 1400 καί
884 1336 938 1414 τὰς
958 1337 1209 1426 Ῥουφινιανόςο
1291 1420 1296 1429 .

97 1436 325 1522 οίιιοόομησας,
350 1436 393 1513 ὥς
411 1442 594 1521 γέγραπται.
647 1439 883 1522 προχειρίζεται
902 1442 978 1520 γοῦν
997 1442 1059 1505 ἀντ’
1080 1442 1182 1508 aurosi

96 1542 202 1619 τίμιος
233 1537 332 1623 ἀνήρ,
353 1534 557 1610 Πολύευκτος
586 1529 741 1617 τοόνομσ,
762 1534 905 1619 μοναχός
930 1530 976 1601 όν
995 1539 1051 1603 καί
1069 1543 1183 1605 παιόό·

97 1642 159 1703 θεν
179 1632 241 1701 sisi
261 1638 378 1718 γονέων
398 1634 632 1717 εόνουχισθείς,
663 1634 702 1698 ου’
723 1635 782 1699 τοῦ
798 1635 1006 1718 Ἡρακλείας,
1027 1636 1071 1715 ὥς
1089 1638 1182 1723 ἔθος,

99 1732 184 1801 dul
202 1738 376 1801 Buoslsr'ou
395 1736 454 1799 sori
466 1736 667 1817 Καισαρείας
683 1731 742 1816 τὴν
764 1735 967 1819 χειροθεσίαν
984 1739 1185 1822 πεπληρωνό-
1299 1763 1303 1769 ·

49 1832 176 1909 15soc·
227 1831 411 1919 Νινηφόρος
429 1831 490 1917 γὰρ
513 1830 531 1897 ό
552 1836 606 1917 τῆς
624 1828 812 1917 Ἡρακλείας
831 1829 1002 1919 πρόεδρος,
1028 1840 1072 1923 spi
1089 1842 1184 1919 βασι.

101 1942 156 2001 λεὶ·
170 1933 250 2000 sari
271 1958 303 1999 τι
322 1932 600 2018 προσκεκρουκώς,
620 1932 660 1995 orl
679 1928 888 2017 συνεχωρήθη
907 1932 964 2017 τόν
983 1940 1186 2020 χειροθεσίαν

100 2031 308 2117 ποιήσασθαι.
358 2026 434 2096 ὅθεν
457 2031 513 2095 ναί
529 2030 629 2123 ψόγος
660 2031 725 2110 οόχ
758 2029 777 2092 ό
808 2028 918 2113 τυχιόν
934 2038 1123 2120 προσετρίβη
1146 2038 1187 2100 osi

101 2134 146 2218 spi
165 2134 378 2215 προτρέψαντι
412 2131 467 2194 καί
494 2131 752 2213 χειροτονήσαντα
777 2126 889 2211 μόνον,
923 2128 1004 2196 uilici
1024 2136 1080 2198 aul
1097 2137 1190 2223 ου’τηΐ

103 2231 149 2317 aspi
173 2232 428 2313 χειροτονηθέντι
448 2226 493 2303 eir
514 2226 753 2315 τιαταόεξαμίνιρ
781 2225 840 2311 την
858 2228 1062 2295 σ’κονόνιστον
1076 2255 1186 2319 χειρο-

56 2330 233 2395 νουθεσίαν.

186 2424 347 2509 Ῥωμσνός
375 2428 411 2490 tt
437 2421 455 2489 ό
474 2426 532 2492 τοῦ
551 2428 708 2508 βασιλέως
727 2426 967 2493 Κωνστανεόου
986 2424 1057 2507 οἰός
1075 2435 1217 2504 πλεους

33 2684 45 2711 ⁸
109 2699 233 2755 nimirum
252 2714 285 2751 eo
302 2714 376 2750 sacra
401 2707 545 2767 peragente
569 2698 714 2769 allquendo
740 2716 851 2768 magnae
879 2701 991 2821 (pintae
1021 2702 1105 2754 leriae
1129 2702 1190 2770 sile,

109 2779 258 2823 curatorem
286 2786 415 2838 equorum
432 2771 590 2833 accessisse,
616 2786 647 2821 ac
666 2771 828 2841 significasse
846 2786 883 2823 no
904 2772 1041 2823 iliseimam
1060 2788 1189 2842 equarum

109 2842 252 2913 peperisse.
268 2848 325 2892 tum
341 2839 418 2891 illum
435 2856 500 2909 prae
520 2840 604 2891 nimio
621 2839 719 2909 gaudio
739 2856 768 2891 re
784 2857 857 2892 encra
874 2850 1011 2910 sstcunqne
1028 2852 1136 2911 peracta
1153 2845 1189 2895 asl

109 2911 273 2963 Cosmidium
303 2912 463 2975 cucurrisse,
484 2910 597 2981 visoque
627 2909 705 2979 pullo
733 2927 825 2961 reeens
851 2910 942 2973 edito,
968 2928 1031 2962 mex
1055 2928 1189 2965 reversum

110 2998 184 3045 esse,
202 2992 233 3034 ut
249 2980 284 3033 de
309 2981 450 3032 servatoris
475 2982 559 3031 nostri
577 2996 626 3049 pso
646 2980 725 3031 nobis
742 2981 860 3038 tolerato
878 2981 1012 3049 supplicio
1030 2980 1190 3048 hymnorum

110 3054 293 3104 resitutionem
311 3050 346 3102 sal
364 3052 445 3102 linem
463 3050 627 3120 perduceret
643 3051 737 3120 itaque
752 3052 834 3103 vitum
848 3053 1009 3103 insolentem
1028 3069 1109 3121 agens
1127 3064 1190 3106 tan-

113 3122 170 3175 desn
188 3133 308 3175 mortuus
336 3130 377 3173 est
401 3122 430 3173 in
453 3120 564 3172 castello
583 3120 701 3191 quodam
725 3122 876 3185 maritimo,
896 3139 956 3175 cum
975 3123 1047 3174 inter
1064 3124 1191 3195 equitan-

113 3192 174 3245 slusn
191 3191 294 3263 aliquid
313 3190 404 3243 damni
422 3192 569 3261 accepisset
586 3208 617 3242 ac
634 3208 683 3260 per
702 3206 732 3242 os
747 3193 903 3260 sanguinem
920 3194 1039 3245 eliceret
1057 3212 1120 3245 nana
1141 3195 1190 3247 ubi

111 3264 163 3316 hoc
180 3264 231 3333 ipsi
247 3262 402 3325 accidisset,
422 3271 507 3315 totum
525 3262 665 3313 biennium
683 3278 744 3313 cum
769 3263 865 3315 morbo
883 3263 1051 3315 conflictatus
1070 3274 1097 3316 et
1117 3282 1189 3335 aqna

111 3337 241 3387 intercute
260 3342 396 3403 correptus
416 3332 524 3385 viventii
544 3333 625 3385 linem
638 3332 710 3383 iecit.
728 3342 784 3384 erat
806 3343 896 3384 autern
914 3333 1069 3397 eunuchus,
1087 3343 1115 3387 et
1132 3338 1189 3387 ltu.

113 3406 240 3467 linianss,
257 3421 305 3456 eeu
319 3406 461 3455 memoriae
476 3401 611 3472 proditum
631 3403 752 3469 legimns,
770 3402 936 3455 condiderat.
956 3404 1116 3457 substitutus
1134 3405 1188 3459 luit

113 3478 143 3529 in
158 3476 241 3546 ipsius
258 3476 347 3527 locum
364 3476 405 3528 vir
422 3475 533 3525 omuino
555 3472 741 3535 venerandus,
765 3475 874 3525 nomine
898 3474 1073 3540 Polyeuctus,
1091 3477 1187 3529 solita-

114 3548 167 3600 rise
183 3546 253 3597 ultae
269 3554 384 3599 sectator
403 3554 431 3599 et
447 3544 512 3597 inde
528 3560 559 3595 us
581 3560 615 3595 ne
633 3562 648 3595 n
673 3560 757 3612 puero
774 3544 809 3595 de
825 3552 966 3613 parentum
983 3546 1124 3597 voluntate
1141 3564 1188 3600 ca·-

113 3626 216 3670 stratns,
243 3632 331 3685 neque
351 3630 414 3667 vero
436 3605 547 3667 antistes
599 3613 753 3665 eracliensis
781 3615 869 3684 ipsum
884 3632 933 3685 pro
962 3632 1036 3666 mere
1055 3618 1188 3670 maiorum

111 3685 306 3755 inaugurabat‚
326 3684 375 3737 sed
393 3686 538 3737 Caesareae
560 3685 684 3755 pontifex
697 3684 825 3735 Basilius:
844 3703 905 3736 narn
920 3702 1029 3755 praeses
1040 3686 1187 3740 Heracleae

113 3756 277 3829 Nicephorus
296 3756 412 3826 quadam
432 3758 461 3809 in
481 3770 559 3807 cause
578 3757 766 3825 imperatorem
782 3756 940 3819 offenderat,
957 3756 1075 3825 ideoque
1092 3774 1186 3811 menns

114 3831 249 3898 imponere
275 3828 418 3894 Polyeucto
445 3826 596 3879 vetabatur.
625 3825 689 3877 irinc
707 3826 805 3877 suctum
824 3834 856 3879 ut
873 3842 930 3878 non
948 3834 1052 3878 tantem
1070 3830 1187 3899 impera.

115 3908 171 3963 tor,
187 3898 234 3968 qui
253 3896 315 3949 lacti
333 3896 414 3949 huius
431 3907 522 3950 auctor
540 3897 642 3959 luerat,
665 3906 694 3949 et
710 3895 843 3960 Basilius,
863 3898 911 3965 qni
929 3897 1117 3967 obtemperans
1135 3900 1188 3953 im-

24 4004 26 4007 ·
114 3969 227 4041 perntori
254 3968 431 4037 patriarchum
456 3976 669 4033 consecraverat,
690 3966 740 4019 seri
759 3967 841 4019 etiam
858 3968 948 4037 isqui
968 3970 1186 4033 consecrabatur,

116 4040 189 4091 uelde
205 4040 416 4107 vituperaretur,
442 4040 516 4108 qnod
533 4038 614 4089 motio
633 4046 662 4090 et
687 4038 790 4089 ratione
807 4055 823 4087 a
840 4053 974 4090 sacrorum
992 4056 1124 4093 canonum
1141 4042 1186 4093 iu-

117 4111 213 4165 stitutis
230 4108 385 4161 abhorrenti
405 4126 529 4161 manuum
549 4108 747 4179 impositionem
765 4118 924 4161 consecutus
945 4109 1047 4162 luisset

182 4180 248 4235 Cum
266 4188 355 4235 autem
373 4181 505 4235 Romanus
524 4178 697 4235 Constantini
717 4180 887 4251 imperatoris
904 4178 977 4233 tilius
992 4189 1108 4234 aetatem
1122 4196 1185 4252 pes·
