2742 4617
172 190 227 275 88
502 219 718 282 rrrcrrssus
751 215 911 280 curete

254 369 302 433 oo
327 365 391 451 χρή
423 371 603 448 θαυμαζειν
621 365 694 451 ἐἴγε
716 375 785 444 ταῖς
800 371 853 449 τῆς
873 363 1003 447 σελήνης
1023 365 1252 444 ανξομειώοεσι

168 465 397 549 μεταβάλλεται
418 466 437 528 o‘
457 466 538 551 ἀήρ,
562 463 640 530 ὅσον
661 491 697 549 γε
729 464 784 530 κατ’
805 467 839 529 ἐν
861 460 951 542 ζοόοις
971 465 1052 526 τιοὶν
1072 457 1138 526 ἔστι
1160 465 1251 528 τοῦτο

157 569 255 631 ἰἰλεῖν.
299 563 383 650 φασὶ
402 564 464 648 γὰρ
484 565 542 648 τήν
555 559 621 646 ἶβιν
644 567 796 649 μηδαμοῦ
816 559 894 648 ὁρᾶν
914 557 966 626 ὅτε
987 563 1136 645 αόἑληνος
1158 557 1174 625 ὁ
1195 561 1252 624 osi·

167 663 280 744 ρανός,
302 661 395 744 μύειν
420 663 530 728 δὲκαὶ
552 659 663 729 οἴσετον
692 668 807 744 μένειν.
849 656 865 724 ὃ
891 662 926 725 δὲ
947 661 1077 742 κέρκωψ
1098 662 1253 744 προδηλο-

164 765 258 846 τὲρας
278 758 345 845 ἔχει
364 760 422 836 τοὶς
454 764 631 850 ἐνεργείας·
687 757 740 857 ὅτε
760 760 822 842 γὰρ
845 750 933 837 αὔξει
957 757 977 842 ἡ
998 758 1128 842 σελήνη,
1150 756 1166 822 u‘
1189 761 1281 828 aniv5

166 862 342 948 ὀφθαλμοῖν
356 856 467 936 κύκλος
488 861 588 948 ταύτην
608 854 792 945 εὔρύνεται,
813 853 864 922 ὅτε
885 861 921 923 δὲ
941 860 1096 939 μειοῦται,
1118 860 1252 923 συστέλ-

136 968 263 1024 Βλεται.
305 955 387 1024 ἇλλοὶ
409 960 503 1041 καὶὴ
526 961 607 1050 γαλῇ
628 956 889 1044 λειψοφοοτοιῖσης
908 961 962 1042 τής
983 953 1113 1041 σελήνης
1134 953 1253 1041 ήτιατος

165 1059 318 1123 λείπεται·
367 1056 607 1145 αὔξιφοοτοῦσης
636 1058 672 1120 δὲ
694 1054 788 1121 πάλιν
817 1053 969 1140 celeritati
990 1056 1252 1139 constructoris

164 1153 415 1240 προσεσαῦξεται
442 1153 564 1241 μόριον.
609 1157 702 1242 ,φασὶ
722 1157 829 1220 δὲκαὶ
848 1156 882 1220 ἒν
900 1157 1030 1242 ποταμῷ
1049 1155 1090 1242 τῷ
1106 1153 1251 1241 Ὑδάσπῃ

79 1263 110 1314 V.
120 1264 155 1315 36
162 1257 331 1338 γεννᾶσθαι
340 1253 432 1318 λάλον
451 1257 560 1338 λε’χνην
574 1254 775 1336 καλούμενον,
798 1250 833 1329 ὃς
845 1249 975 1336 σελήνης
988 1253 1160 1337 αὐξομένης
1170 1245 1248 1336 ήχον
1263 1270 1299 1312 ιο

160 1355 317 1440 μελῳδίας
344 1354 500 1427 αἰιοεελεῐ.
545 1350 600 1416 κατ’
619 1354 653 1418 ἐν
680 1355 814 1442 ποταμῷ
841 1354 876 1416 δὲ
896 1353 1037 1437 Κελτικῷ
1053 1354 1249 1417 ,διαιτᾶσθαι

161 1451 261 1534 ἰχθῦν
283 1456 423 1516 κλωνίον
446 1453 608 1534 ἐγχωρίοις
631 1448 840 1533 καλούμενον,
862 1447 897 1526 ὃς
919 1451 1091 1534 ου’ξομὲνης
1110 1455 1165 1535 τῆς
1196 1474 1250 1516 σε·

160 1547 254 1633 λήνης
283 1551 478 1615 λευκαίνεται
508 1554 700 1635 μειουμένης
730 1553 764 1616 tt
784 1552 975 1631 μελαίνεται.
1018 1553 1119 1615 ταῦτα
1149 1553 1186 1615 δὲ
1208 1555 1249 1638 τῇ

161 1646 323 1736 ὲξαημὲρῳ
344 1644 443 1714 αὐτοῦ
459 1653 729 1735 συμπεριείληφεν
752 1649 768 1712 ὁ
790 1653 888 1733 με’γας
909 1649 1125 1725 Ἀναστάσιος.

239 1741 337 1813 ’Alias'
359 1746 416 1812 aul
435 1748 489 1812 διὰ
509 1747 581 1824 τούς
612 1748 825 1824 ἀπιστοῦντας
846 1743 866 1831 ή
887 1749 1005 1828 μᾶλλον
1026 1751 1125 1814 εἰπεῖν
1144 1752 1299 1834 &atys-15
1356 1827 1357 1832 η

136 1850 284 1922 cinturae
304 1851 343 1934 τῇ
363 1847 552 1928 α’ναστάοει,
576 1846 664 1912 καθά
686 1871 785 1933 φησιν
813 1844 947 1931 ὄμέγας
968 1846 1168 1931 Ἕσιφᾰνιος,’
1186 1874 1269 1932 οια-1

162 1944 283 2030 ράιλοξιέ
303 1971 373 2011 τινα
392 1944 656 2034 τιροηικονόμησαν
677 1949 835 2030 γίνεσθαι.
857 1943 1001 2034 ήφιέαιια
1020 1943 1150 2029 θνήσκει
1171 1948 1248 2030 ἡμέ-

162 2068 223 2126 ρας
250 2043 505 2130 τεσσαράκοντα,
532 2045 586 2111 κατ’
608 2042 701 2110 πάλιν
723 2047 897 2111 ἀνίσταται.
946 2043 963 2108 ὅ
998 2042 1098 2126 pomp
1117 2043 1246 2126 θνήσκει
1356 2103 1357 2108 ,

162 2145 265 2224 μήνας
286 2145 334 2225 ἕξ,
365 2143 421 2208 aas*
448 2143 545 2208 πάλιν
566 2147 736 2211 sarmatas.
779 2143 796 2206 ὅ
816 2148 919 2228 φοῖνιξ
940 2139 957 2204 o‘
977 2141 1140 2226 Ἀραβικός
1161 2135 1246 2228 ὅρνις

161 2246 286 2324 λέγεται
305 2236 388 2306 εἶναι
407 2241 594 2325 μονογενής,
616 2233 732 2322 ἅζογος
747 2241 781 2306 ἐν
801 2245 841 2328 τῇ
862 2243 1067 2328 δημιουργιζι,
1091 2239 1169 2307 κιττοὶ
1191 2239 1297 2326 ἕτηαο
1356 2269 1357 2276 “

162 2337 353 2406 πεντακόσια
385 2344 479 2404 τοῦτο
508 2337 626 2422 πάσχει
652 2335 747 2404 isui
768 2337 909 2426 φαιδρὰν
932 2343 1064 2425 αροϊστᾶ
1084 2337 1142 2426 τήν
1166 2341 1245 2406 deoi-

236 2523 276 2575 ¹9·
300 2504 381 2581 ὄρνις
399 2503 430 2565 δε
448 2506 494 2561 λλ

232 2684 330 2737 Mirum
347 2684 432 2740 videri
449 2704 504 2741 uon
516 2683 606 2742 ‘denes
622 2705 675 2742 una
701 2705 761 2742 cum
775 2692 946 2743 incrementis
965 2707 995 2742 aa
1013 2691 1245 2746 deminutionibns

165 2760 247 2810 lunae
270 2763 332 2809 aera
355 2775 465 2829 quoque
488 2762 602 2823 mutari,
631 2761 741 2831 quando
770 2761 909 2813 nonnullis
935 2762 964 2813 in
990 2763 1153 2814 animalibus
1172 2762 1245 2815 islem

165 2828 309 2880 usuvenire
325 2828 456 2883 videmus.
483 2847 544 2881 nans
567 2831 679 2884 tradunt
703 2831 769 2882 ibim
795 2832 872 2884 coelo
892 2833 956 2883 luna
975 2842 1083 2884 carente
1099 2832 1171 2884 nihil
1187 2851 1246 2884 cer-

165 2916 230 2951 uere
260 2897 309 2949 secl
338 2901 432 2952 oculos
451 2899 553 2952 habere
570 2901 692 2966 clausos,
713 2919 765 2954 nec
789 2902 856 2954 cibis
883 2904 946 2954 ullis
973 2904 1021 2954 uti.
1040 2911 1068 2954 et
1088 2903 1198 2972 quidem
1216 2905 1246 2955 in

166 2971 251 3033 simio,
270 2984 350 3039 quem
371 2987 510 3041 cercopem
527 2981 638 3037 uocant,
656 2973 810 3025 ellectiones
827 2971 877 3023 isac
896 2975 924 3024 in
943 2983 1019 3042 parte
1032 2982 1094 3025 sunt
1112 2975 1246 3026 illustrio-

166 3059 225 3092 res:
243 3057 305 3091 narn
332 3058 393 3092 curn
413 3042 532 3110 augescit
553 3043 632 3107 luna,
651 3045 789 3097 oculorum
816 3043 888 3094 orbis
908 3043 933 3094 ei
952 3042 1098 3107 dilatatur,
1116 3061 1176 3096 crrsn
1196 3045 1246 3096 ‹le-

165 3112 316 3175 minnitur‚
342 3119 371 3163 et
402 3112 461 3181 ipse
486 3113 663 3166 contrahitur.
687 3114 839 3183 quinetiam
861 3113 976 3166 mustela
1001 3112 1143 3166 deficiente
1163 3115 1246 3168 lunae

166 3183 269 3233 lumine
286 3182 362 3233 iecur
378 3182 500 3234 imminui
517 3185 614 3249 sentit;
642 3183 791 3254 eademque
810 3201 912 3237 rursum
931 3193 1082 3252 crescente,
1098 3184 1246 3236 membrum

165 3252 239 3303 idem
268 3251 385 3304 vicissim
412 3263 533 3322 augetur.
578 3253 704 3307 erhibent
729 3257 810 3307 etiam
828 3255 857 3306 in
874 3253 999 3325 Hydaspe
1027 3255 1109 3308 lluvio
1127 3255 1246 3324 lapidem

164 3322 300 3391 quendam
317 3323 391 3375 nasci
408 3341 489 3393 quem
509 3272 630 3378 LicEnen
644 3334 753 3378 vocant:
773 3325 796 3377 is
817 3334 977 3395 augescente
989 3325 1054 3376 luna
1069 3341 1164 3376 sonum
1183 3326 1246 3376 dul-

164 3395 203 3444 eis
227 3403 320 3446 cantus
338 3392 422 3446 eslere
441 3395 534 3447 fertur.
562 3397 592 3447 in
611 3396 724 3448 flumine
753 3395 869 3466 quodam
887 3395 990 3458 Celtico
1008 3395 1109 3464 piscem
1129 3397 1245 3447 existere

162 3463 289 3527 tradunt,
313 3466 362 3535 qui
383 3465 418 3516 ab
435 3465 533 3518 incolis
550 3466 657 3535 Clopiss
676 3467 844 3536 appelletur:
867 3466 890 3517 is
916 3466 980 3516 luna
1003 3473 1140 3530 crescente
1167 3466 1245 3516 albe-

163 3535 231 3597 scit‚
250 3534 390 3588 deminuta
415 3537 536 3605 nigricat
555 3545 638 3608 atque
664 3535 732 3588 haec
752 3535 860 3606 quidem
888 3537 968 3586 etiam
988 3535 1059 3586 libro
1077 3553 1125 3587 suo
1146 3535 1180 3588 sle
1198 3551 1246 3588 sex

163 3606 310 3672 primorum
338 3607 374 3658 ab
406 3617 467 3660 ortu
491 3606 588 3660 mundi
611 3607 716 3660 dierum
740 3607 856 3676 opificiis
879 3623 990 3674 magnus
1012 3607 1166 3659 Anastasius
1196 3607 1245 3658 ills
1317 3617 1318 3622 ’

164 3674 318 3742 complexus
340 3684 389 3730 est.
491 3681 496 3690 '

235 3743 376 3798 Caeterum
401 3756 511 3817 praeter
536 3747 600 3800 illos
619 3763 728 3818 quoque
748 3747 795 3816 qui
813 3748 1033 3798 resurrectionem
1052 3745 1170 3798 suturam
1189 3763 1245 3799 non

163 3814 278 3867 credunt
300 3817 345 3868 vel
367 3821 459 3886 potius
483 3837 542 3871 earn
558 3819 687 3882 irrident,
710 3825 742 3868 ut
757 3819 870 3870 eximius
894 3816 944 3868 ille
965 3825 1060 3868 noster
1078 3816 1245 3886 Epiphanius

164 3884 405 3944 ait,admirabilia
423 3891 603 3957 quaedamst
628 3905 697 3940 nova
717 3888 782 3940 deus
801 3889 844 3940 uti
865 3887 962 3940 fierent
981 3889 1095 3938 consilio
1115 3889 1245 3956 singulari

163 3957 290 4007 instituit
307 3955 436 4026 phuscuso
454 3959 512 4012 tlies
533 3961 579 4012 xl,
603 3967 715 4026 mortua⁸
734 3959 874 4011 reviviscit.
893 3975 985 4028 myope
1003 3959 1059 4010 siue
1077 3959 1192 4010 tabanus
1208 3959 1245 4009 vl

162 4035 235 4078 totos
257 4043 363 4078 menses
389 4036 510 4080 mortuus
535 4031 620 4082 vitam
652 4038 801 4099 recuperat.
827 4028 945 4099 phoenix
969 4030 1024 4079 avis
1047 4038 1089 4081 est
1113 4029 1244 4091 Arabica,

163 4114 234 4164 quae
251 4105 279 4152 et
296 4098 412 4167 unigena
441 4106 469 4149 et
486 4102 616 4169 coaeparis
637 4118 731 4169 expers
754 4101 839 4153 lertur
856 4101 885 4152 in
903 4101 1040 4153 creatione
1055 4117 1142 4153 rerum
1161 4100 1243 4152 exsti-
