2742 4617
201 267 259 379 94
543 287 761 354 urenamrs
793 287 966 356 uiuere

200 461 354 525 ἐνιαντοδν
374 453 549 547 ὃτοιούτος
563 453 774 540 καταλλάκτης
792 455 913 545 σιδήρῳ
935 453 1065 541 έπληξεν
1085 459 1183 524 αύτον
1204 461 1286 524 αἰνα-

200 558 330 641 γάμενον
350 558 405 622 καί
424 555 495 620 τότε
518 557 564 630 εἰς
580 554 792 640 ἱπποδρομίαν
814 553 868 620 διά
889 559 949 620 τού
963 557 1064 636 orirer}
1083 558 1190 622 τόπον.
1233 564 1289 626 καί

201 656 242 720 τά
271 661 330 738 μὲν
362 659 421 720 τοῦ
443 657 610 740 ἐλέφαντος
639 657 792 719 τοιαῦτα·
844 652 878 720 αἱ
900 657 935 720 δὲ
955 653 1128 738 παρδάλεις
1150 665 1289 743 φυσικήν

201 781 274 822 τινα
297 755 409 838 ἔχουσι
431 750 508 837 πρὸς
525 752 581 818 τόν
600 746 770 838 άνθρωπον
792 753 893 838 ὄργην,
914 758 972 819 καί
988 754 1148 840 πεφύκασι
1168 761 1290 840 μᾶλλον

202 867 269 932 τοῖς
299 854 476 942 ὀφθαλμοῖς
508 857 570 918 τῶν
607 852 784 936 ἀνθρώπων
805 851 1013 939 ἐφάλλεσθαι.
1066 857 1147 922 α’λλά
1177 861 1233 922 καί
1254 861 1320 924 ἐν5

201 954 305 1042 χάρτη
328 956 453 1019 ἰδοῦσαι
472 952 658 1018 τοπωθέντα
678 947 857 1035 ἄνθρωπον,
883 949 927 1030 οἷς
947 953 1009 1018 πού
1034 979 1133 1042 φησιν
1152 956 1170 1020 δ
1190 961 1291 1043 μέγας

201 1055 392 1133 Βασιλειος,
412 1052 468 1117 τὸν
484 1049 610 1136 χάρτην
630 1054 879 1138 σπαράττουσιν.

173 1163 196 1216 C
280 1147 407 1226 Ἱκανῶς
424 1142 472 1214 ’δέ
498 1149 696 1230 θαυμάσειεν
728 1145 768 1216 άν
787 1175 834 1226 τις
866 1155 921 1216 καί
948 1149 985 1218 τά
1016 1154 1075 1218 τού
1094 1156 1231 1234 λέοντος,
1252 1154 1289 1219 τὰ

202 1249 393 1335 μοναστικόν
413 1252 513 1314 αὐτοῦ
531 1253 587 1333 τῆς
607 1251 707 1334 ζωῆς,
725 1249 761 1314 τά
785 1249 996 1336 άκοινάνητον
1014 1251 1091 1336 πρὸς
1110 1251 1146 1316 ιδ
1168 1251 1291 1342 ὁμάφυ·

203 1358 268 1419 λον.
311 1345 377 1416 οἷον
398 1347 459 1432 γάρ
481 1373 530 1423 τις
549 1346 702 1432 τύραννος
732 1351 803 1413 τῶί
815 1348 939 1433 άλύγων
960 1348 1012 1415 διά
1031 1350 1088 1436 τήν
1108 1355 1144 1416 ἐκ
1164 1353 1344 1437 φύσεωςιο

202 1448 384 1536 ύπεροψίαν
404 1446 462 1530 τὴν
484 1446 563 1529 πρὸς
582 1444 656 1522 τούς
675 1446 811 1522 πολλούς
829 1444 995 1532 ὃμοτιμίαν
1015 1452 1055 1514 ού
1074 1453 1293 1534 καταδέχεται,

203 1543 283 1616 ὥστε
303 1550 377 1613 ούδέ
396 1544 548 1630 χθεσινην
567 1545 690 1632 τροφὴν
711 1549 885 1632 προσίεται.
925 1540 953 1636 ᾧ
970 1549 1027 1614 καί
1045 1555 1216 1632 τηλικαῦτα
1238 1544 1293 1634 ὅρ-

201 1673 284 1734 γανα
305 1643 325 1733 ἧ
348 1643 448 1733 φάσις
469 1647 617 1730 ἐνέθηκεν
640 1643 723 1710 ὥστε
744 1645 845 1712 πολλά
865 1650 928 1722 ταῖν
952 1648 1043 1728 ζύιον
1060 1647 1295 1738 ὑπερβάλλοιτο

205 1750 247 1834 τῇ
278 1745 429 1829 παχύτητι
461 1743 547 1832 μόνιρ
574 1744 723 1823 πολλάκις
748 1741 911 1810 ἁλίσκεται
942 1749 986 1834 τῷ
1004 1747 1200 1831 βροχηματι.
1240 1749 1297 1812 καί

203 1843 416 1927 τούτοΔαβίδ
435 1841 855 1930 δπροφητηςδπεμφαίνειν
876 1847 972 1927 λέγων
987 1845 1026 1926 „o‘
1046 1849 1126 1910 λέων
1149 1845 1294 1932 ἐνεδρεύ-
1310 1855 1348 1918 ι5

204 1965 234 2007 ει
254 1946 289 2009 ἐν
308 1941 512 2033 ἐποκρύφιρ.”
553 1940 669 2027 αἴφνης
701 1941 762 2027 γάρ
793 1942 971 2028 ἐκπηδήσας
998 1947 1118 2010 ἐκεῖθεν
1138 1948 1195 2009 καί
1212 1951 1295 2028 μέγα

174 2061 199 2113 1)
206 2042 327 2127 βοήσας
345 2043 386 2109 τά
411 2039 627 2127 παροδεύονια
647 2045 709 2108 τάν
733 2039 821 2122 ζιίοιν
839 2045 992 2110 ἵστασθαι
1013 2054 1103 2126 ποιεῖ,
1124 2047 1181 2111 καί
1194 2039 1298 2120 ούτοις

206 2142 310 2208 ἐσθίει
330 2140 581 2226 καταλαμβάνων
609 2143 704 2207 αίτά.
755 2145 856 2219 καλαῖς
886 2135 942 2206 σύν
972 2141 990 2206 δ
1020 2142 1186 2228 προφήτης
1208 2141 1296 2228 έλεγι

205 2243 361 2324 ,,σκύμνοι
381 2241 576 2325 ω’ρούμενοι”
597 2242 653 2305 καί
672 2241 711 2305 τά
732 2239 838 2304 λοιπά.

292 2341 341 2407 Or]
370 2342 578 2405 τοσοῦτονδὲ
604 2341 695 2422 ἡμεῖς
715 2335 744 2402 οἱ
768 2335 845 2426 λύγῳ
866 2340 1082 2423 τετιμημένοι,
1110 2333 1186 2405 ὅσον
1206 2341 1292 2408 atrei
1308 2373 1352 2414 πο

207 2440 310 2525 δὴποο
330 2436 370 2504 τά
393 2433 490 2522 troya
513 2440 579 2518 ζύα
599 2436 657 2521 την
677 2438 796 2503 οἰκείαν
819 2437 923 2504 οἴδασι
943 2439 1122 2525 σωτηρίαν,
1141 2443 1194 2504 καλ
1217 2437 1296 2508 ὅθεν

209 2737 389 2791 deduceretur
413 2739 539 2809 elephas,
557 2737 691 2808 quendam
717 2741 870 2810 magittrurn
890 2741 1007 2792 ferarum
1027 2749 1055 2793 et
1073 2741 1247 2794 cicuratorem
1265 2745 1297 2796 in

208 2809 324 2862 miliario
342 2809 482 2862 sedentem
501 2810 651 2875 interfecit,
675 2812 829 2862 immaniter
846 2811 972 2863 adversus
990 2813 1069 2864 illum
1088 2830 1147 2866 tum
1167 2812 1298 2866 dentihue
1362 2849 1363 2854 =

210 2881 267 2932 aule
292 2881 402 2933 irrnenr.
426 2882 484 2933 eiua
511 2881 550 2933 rei
575 2898 655 2932 eausa
678 2891 755 2944 erat,
780 2885 854 2951 quod
880 2883 904 2934 ia
924 2891 987 2934 aute
1004 2892 1077 2935 totos
1094 2883 1187 2936 decem
1210 2901 1299 2937 annos
1362 2905 1363 2918 ι

211 2951 386 3022 elephantum
410 2951 481 3004 ferro
520 2959 687 3016 erenaeerat,
714 2969 775 3003 cum
805 2951 833 3004 id
857 2955 986 3022 temporie
1007 2970 1056 3022 per
1074 2954 1190 3006 eundern
1206 2956 1301 3008 locum

210 3021 247 3072 nd
269 3022 475 3091 hippodromum
512 3023 678 3075 educeretur.
697 3022 821 3095 pardales
847 3024 995 3076 naturalem
1016 3025 1150 3094 quandam
1170 3023 1301 3078 adversus

211 3093 334 3144 hominen
354 3095 419 3144 iram
438 3093 539 3157 invent,
557 3112 588 3145 ac
604 3095 766 3164 plerumque
784 3102 981 3146 consueverunt
1000 3095 1029 3147 iu
1048 3097 1139 3148 oculor
1158 3095 1302 3150 huminum

212 3164 325 3215 ineilire.
342 3166 408 3233 quin
428 3165 516 3234 pictor
534 3167 614 3216 etiam
634 3167 663 3216 in
680 3163 780 3216 chartis
798 3165 924 3216 lacerent.

281 3235 378 3286 Leonis
400 3252 511 3305 quoque
534 3253 621 3288 mores
646 3245 674 3287 et
700 3235 820 3288 indolem
842 3253 898 3287 non
916 3233 963 3286 abe
986 3251 1016 3286 re
1044 3239 1105 3306 quir
1133 3236 1301 3303 admiretur,

212 3304 339 3356 nimirum
364 3306 446 3357 vitam
470 3308 530 3358 eius
547 3307 695 3360 rulitariam
722 3315 750 3359 et
776 3305 965 3358 abhorrentem
991 3324 1006 3356 a
1037 3309 1079 3358 rui
1105 3311 1210 3376 generis
1236 3311 1302 3360 aui-

212 3376 325 3427 malium
342 3377 472 3429 aoeietate
491 3386 624 3429 naturam.
651 3395 713 3430 nam
733 3394 793 3428 cum
817 3377 853 3430 ait
871 3377 948 3446 quari
967 3374 1076 3445 quidem
1093 3377 1234 3431 brutorum
1252 3388 1302 3446 ty-

212 3463 312 3498 raunue
332 3455 361 3499 et
386 3464 449 3511 rex,
474 3448 533 3516 pari
559 3465 617 3500 erse
643 3465 703 3500 cum
731 3449 843 3500 caeteris
870 3447 973 3499 honore
993 3447 1181 3518 dignitateque
1218 3467 1302 3501 recu-

213 3527 254 3569 rat
277 3527 388 3588 propter
405 3518 540 3588 quandam
560 3519 674 3571 inditam
702 3520 755 3589 ipei
782 3526 914 3570 anatura
939 3519 1098 3588 superbiam.
1118 3520 1302 3573 consimiliter

213 3588 305 3640 cibum
326 3590 481 3641 hesternum
510 3607 566 3640 non
594 3592 683 3642 sumit
713 3589 801 3641 eidem
818 3589 998 3641 instrumente
1015 3591 1087 3642 vocis
1108 3599 1183 3642 tanta
1199 3601 1302 3644 natura

187 3691 192 3698 ·
215 3656 305 3722 dedit,
324 3671 355 3712 ut
372 3677 433 3711 curn
450 3660 576 3712 animalia
594 3660 725 3731 pleraque
741 3661 885 3712 velocitate
903 3669 1024 3730 superet,
1044 3661 1102 3712 eolo
1121 3678 1303 3730 saepenume-

215 3745 246 3778 ro
268 3740 353 3782 eemet
370 3733 458 3799 rugitu
480 3749 528 3783 suo
546 3731 653 3800 prodat.
673 3730 794 3783 indicare
812 3729 864 3781 hoc
883 3733 970 3800 iprum
988 3741 1061 3783 vater
1081 3731 1163 3783 etiam
1182 3733 1303 3786 Davidee

214 3797 304 3852 voluit
320 3801 425 3870 (Pealm.
449 3818 481 3853 ro
498 3806 527 3874 9)
546 3803 619 3853 hisce
636 3803 725 3855 verbis
755 3810 900 3871 „tanquam
922 3802 964 3854 leo
983 3802 1082 3854 abditis
1103 3803 1131 3852 in
1148 3802 1215 3856 lotia
1233 3803 1307 3855 insi-

216 3866 331 3921 diatur.'’
349 3889 410 3922 nam
429 3889 462 3924 ex
480 3874 514 3924 ile
532 3882 643 3942 repente
669 3871 832 3942 prosiliens,
850 3889 945 3945 anagnu
962 3875 1077 3924 clamore
1096 3871 1219 3940 sublato,
1240 3875 1307 3926 aui·-

215 3941 297 3991 malia
326 3945 528 4010 praetereuntia
552 3945 625 3996 sistit
653 3953 681 3995 et
698 3943 750 3994 hoc
767 3943 849 3995 modo
874 3953 951 4012 capta
970 3944 1087 3996 devorat.
1109 3945 1202 4015 itaque
1220 3962 1307 4014 prae-

216 4011 288 4132 qlare
303 4021 377 4063 vater
398 4013 437 4065 ait
453 4015 560 4085 (Pralm.
581 4015 628 4066 103
648 4015 693 4085 ar)
711 4015 814 4080 „catuli
831 4015 937 4066 leonini
955 4017 1105 4084 rugienter,
1123 4024 1155 4068 ut
1171 4015 1308 4086 praedam

229 4081 343 4132 aciant.”

286 4149 464 4219 Nequerero
481 4171 530 4205 αοι
548 4154 687 4220 homiues,
703 4171 858 4228 quanquam
877 4157 988 4210 rationis
1005 4156 1140 4210 beneficio
1153 4155 1236 4210 timue
1256 4173 1310 4209 or-
