2742 4617
449 262 661 330 suusuuu
690 268 792 332 rans
820 270 862 331 ιι.
1105 241 1185 344 ι45

105 402 201 472 ἐνθεν
227 407 374 474 naastan
402 407 433 475 oi
461 403 619 499 ἅνθρωποι
642 413 723 496 πρός
746 415 884 492 ἀτόπους
904 411 1032 496 πρόξεις
1052 417 1215 496 dissuit-B

105 511 249 590 σθησαν,
272 509 329 571 κατ’
345 512 524 574 τελευταῖον
551 511 628 595 πρὸς
651 516 878 595 εἰδωλομανίαν
902 515 1188 601 ἀπεπλανήθησαν,

104 603 169 668 ὑπὸ
189 610 254 670 τῶν
274 604 434 686 δαιμόνων
451 609 557 674 αὐτοῖν
575 611 787 695 ἀπατηθέντος
807 611 932 677 τουτονὶ
949 610 1005 678 τόν
1024 614 1138 698 τρόπον
1157 613 1188 680 οἱ

105 706 249 774 δειλαιυι.
291 703 308 768 ό
330 702 391 791 γόρ
414 705 477 772 dud
499 711 557 772 rori
576 712 651 774 Νῶε
673 703 781 793 ὄγδοος
802 709 923 794 Σεροόχ
940 711 981 777 τὰ
1003 718 1067 778 suiv
1090 710 1186 798 α’γαλ·

78 802 215 882 mum
235 806 379 889 ἀρχῆθεν
401 800 534 889 εόρατο·
574 811 697 891 λέγεται
716 808 776 896 γόρ
803 801 895 886 οὗτος
915 812 988 887 τούς
1010 813 1101 898 ἔργον
1121 809 1187 881 οἷον

103 897 222 985 δήποτε
250 902 394 986 λαμπρόν
420 907 675 987 ἐπιδειξαμένους
700 909 846 993 α’νδριᾶσι
875 914 930 975 κατ’
944 910 1074 996 στήλαις
1094 915 1186 998 τιμή-

102 1025 168 1066 οαι.
212 999 241 1066 οἱ
259 1005 295 1067 δέ
314 1000 394 1083 μετὰ
414 1007 514 1068 ταῦτα
536 1003 595 1089 τήν
619 1010 684 1070 τῶν
703 1005 863 1090 προγόνων
882 1007 1085 1093 ἀγνοήσαντες
1106 1011 1186 1097 γνιό-

101 1125 185 1184 μην,
214 1100 271 1166 ναΐ
288 1095 336 1166 ότι
363 1099 487 1187 μνήμης
512 1107 603 1170 ἕνεκα
629 1104 703 1182 τοός
729 1103 915 1192 ἀνδριάντας
934 1106 1085 1195 ἔστησαν,
1106 1112 1184 1178 nurci

101 1197 219 1285 μικρόν
240 1200 434 1282 πλανώμενοι
453 1205 495 1288 τῇ
513 1207 570 1267 τοῦ
590 1204 767 1291 ἅρχεκοὶκου
789 1212 973 1297 συνεργείρι,
994 1208 1038 1284 οἷς
1057 1209 1184 1277 α’θανά.
1212 1215 1215 1220 “

55 1321 170 1374 ιοτοις
189 1303 275 1374 θεοῖς
292 1309 357 1375 τοῖς
383 1297 591 1382 δμοιοιιαθέσι
617 1307 673 1369 καί
693 1309 850 1391 φθαρτοῖς
869 1303 1049 1392 α’νθροόποις
1071 1334 1184 1396 προσε-

102 1399 245 1496 τέθησαν
273 1397 328 1463 κατ’
359 1403 476 1476 θυσίας
506 1401 610 1478 αὐτοῖς
638 1399 832 1488 ἐπενόησαν,
860 1409 922 1472 τοῖν
942 1408 1101 1489 δαιμόνων
1120 1419 1212 1487 rotgo

101 1494 224 1576 ξοάνοις
249 1494 485 1582 ἔνοικησόνιαν.
535 1503 680 1566 ἐντεῦθεν
706 1495 813 1578 ἄλλοις
834 1505 890 1569 nur*
909 1499 1014 1581 ἄλλοις
1040 1511 1127 1584 θεοῖς
1146 1508 1180 1573 τό

100 1599 165 1660 ταῖν
183 1594 361 1679 οἷνθροόπαιν
379 1598 466 1680 γένος
486 1597 683 1684 ἐλότρευσεν.
732 1604 904 1686 Αἰγύπτιοι
925 1606 960 1669 δὲ
981 1606 1101 1686 μᾶλλον
1120 1609 1183 1672 τεόν

100 1687 205 1759 ἄλλων
222 1696 268 1771 εἰς
282 1695 395 1761 destas
408 1697 583 1775 ἐξώκειλαν
606 1701 773 1784 αἰλούρους
793 1698 853 1784 γάρ
869 1699 925 1766 κατ’
944 1703 1099 1786 πιθήκους
1112 1705 1182 1768 dus.

56 1790 279 1879 ιὸβόοθησαν,
298 1793 433 1879 τρόγους
446 1821 481 1861 τε
495 1796 610 1878 ὁμοίως
625 1799 680 1864 καὶ
697 1797 775 1882 βόας
788 1804 843 1864 κατ’
854 1800 1079 1886 νροιιοδειλους.
1091 1799 1181 1868 πλεόν
1283 1807 1286 1816 ⁸

100 1895 138 1958 δέ
156 1897 219 1958 τοῖν
240 1887 343 1958 ditm
367 1893 422 1960 τόν
439 1888 535 1962 'Ante
560 1896 763 1980 ἐσεβόζοντο,
792 1901 871 1978 βοῦν
901 1892 977 1964 ὄντα
999 1897 1179 1984 πολόχρονν

98 1985 207 2064 αόεόν.
250 1990 341 2076 η’νόια
354 1993 415 2080 γὰρ
437 1991 590 2080 ἐγεννήθη
611 1999 751 2072 τοιοῦτος
771 2000 849 2080 βοῦς
871 2000 944 2082 παρ’
965 1999 1071 2072 edroi:
1090 1997 1176 2082 παρὰ

99 2094 138 2178 τῇ
165 2091 288 2177 γλιόττη
314 2096 421 2177 φέρων
450 2093 507 2158 ιιαί
525 2097 565 2180 τῇ
593 2097 693 2182 κέρκηι
712 2093 896 2180 σήμαντρα,
926 2093 1077 2171 οόσοότεις
1091 2095 1176 2180 παρὰ

96 2197 140 2276 τῷ
157 2189 290 2278 μεταόπηι
310 2193 441 2276 σελήνης
461 2187 566 2278 ὥσπερ
591 2192 756 2283 διχότομον
766 2199 913 2278 μιμημα,
933 2195 1083 2280 ἐχόρευον
1101 2209 1207 2280 φοι-ὓ

50 2291 181 2371 sotsac
199 2291 253 2353 sul
283 2290 510 2375 ἐπανηγόριζον
540 2289 595 2358 ὅτε
619 2296 701 2357 θεοῦ
719 2297 943 2378 καινοπρεποδς
962 2294 1069 2369 αθτοῖς
1088 2295 1177 2378 ἐνδη·

96 2388 261 2474 μήοαντος.
303 2387 359 2453 κατ’
377 2389 452 2472 περὶ
468 2392 526 2472 μὲν
545 2388 667 2455 τούτων
683 2388 792 2468 οὕτως.

171 2479 301 2571 Ὄγδοος
320 2490 356 2553 δὲ
376 2482 437 2554 ἀπὸ
457 2492 513 2555 τοῦ
534 2493 609 2556 Νῶε
629 2492 753 2576 λέγεται
772 2484 851 2558 εἶναι
872 2488 890 2554 o‘
912 2486 1055 2577 Σερούχ·
1076 2485 1093 2556 ό
1113 2489 1173 2578 γὰρ

168 2639 193 2691 5.
211 2637 349 2715 ἀρχῆθεν]
368 2639 480 2698 ἐκεῖθεν
496 2641 524 2694 F.

94 2799 159 2851 inde
176 2797 290 2868 dispersi
310 2799 345 2852 ad
363 2801 432 2852 iacta
450 2799 581 2870 quaedam
599 2799 715 2853 absurda
735 2800 928 2864 exorbitarunt,
946 2817 977 2852 ac
994 2799 1102 2853 tandem
1123 2801 1171 2852 mi·

93 2871 146 2923 seri
164 2869 332 2922 deastrorum
353 2872 442 2923 cultus
454 2888 569 2923 errorem
585 2873 700 2941 amplexi
717 2881 789 2936 sunt,
809 2872 913 2924 amalis
931 2871 1016 2939 geniis
1034 2871 1085 2921 boc
1103 2887 1173 2940 quo-

94 2940 156 2992 dam
172 2940 255 2994 modo
275 2941 392 3011 decepti.
412 2951 520 2994 octavus
538 2942 619 2994 aNoa
641 2943 774 2995 Serucbus
792 2943 996 2994 simulacrorum
1018 2939 1173 2992 formando·
1231 2941 1233 2948 ’

92 3029 151 3062 rum
168 3012 300 3064 rationem
321 3013 433 3064 invenit
458 3013 543 3063 fertur
568 3014 640 3063 enirn
660 3013 781 3064 homines
808 3014 855 3082 qui
873 3012 1038 3082 praeclarum
1059 3009 1173 3080 aliquod

94 3082 197 3141 facinus
217 3081 385 3146 edidissent,
403 3091 548 3134 statuarum
568 3091 596 3134 et
622 3083 804 3134 columnarum
822 3083 972 3134 bonoribus
991 3098 1107 3135 ornasse.
1124 3097 1171 3132 ve-

92 3170 153 3204 runa
171 3154 274 3222 posteri
298 3169 358 3203 cum
384 3155 514 3204 maiorum
541 3161 658 3204 mentem
681 3161 710 3204 et
735 3153 876 3205 consilium
894 3154 1063 3222 ignorarent,
1082 3167 1171 3221 neque

93 3224 194 3274 scirent
211 3230 312 3275 statuas
331 3223 392 3274 illas
411 3225 555 3275 memoriae
573 3239 653 3274 causa
670 3225 815 3275 collocatas
833 3241 904 3284 csse,
923 3224 1052 3293 paulatim
1068 3222 1171 3292 princi·

90 3293 133 3362 pis
149 3294 270 3344 omnium
295 3295 426 3344 malorum
449 3295 565 3345 auctoris
590 3293 708 3363 impulsu
727 3296 766 3345 sic
783 3295 872 3345 colere
890 3295 1065 3345 consimiliter
1081 3309 1171 3344 secum

91 3363 213 3415 adfectos
233 3373 261 3416 et
279 3364 403 3416 interitui
416 3363 546 3416 obnoxios
564 3363 686 3415 bomines
704 3374 850 3433 coeperunt
867 3381 897 3415 ac
916 3365 938 3415 si
956 3363 994 3416 dii
1011 3365 1102 3415 forent
1119 3364 1170 3414 im-

89 3435 233 3498 mortales;
252 3434 376 3504 adeoque
393 3452 466 3486 sacru
484 3433 615 3504 quaedam
634 3435 673 3484 eis
690 3436 882 3502 excogitarunt,
900 3436 966 3502 ipsis
984 3433 1061 3484 malis
1082 3433 1168 3502 geniis

89 3505 159 3556 intra
179 3513 282 3556 statuas
294 3504 461 3557 domicilium
474 3503 676 3556 collocantibus.
695 3504 758 3554 binc
777 3505 874 3556 iactum
893 3513 923 3554 ut
940 3505 1070 3570 deinceps
1084 3518 1168 3569 genus

89 3574 236 3626 humanum
249 3576 310 3626 aliis
323 3584 404 3645 atque
413 3577 472 3627 aliis
486 3576 537 3627 diis
547 3575 670 3643 religiose
683 3576 803 3626 serviret.
819 3592 849 3626 ac
867 3573 992 3644 Aegyptii
1001 3571 1110 3642 quidem
1122 3591 1167 3623 su-

106 3661 135 3696 ra
149 3654 270 3698 caeteros
286 3645 321 3697 ad
339 3647 506 3714 impietatem
524 3647 665 3696 maximam
680 3644 798 3713 prolapsi
811 3654 887 3697 sunt:
911 3663 972 3696 nam
990 3643 1056 3695 seles
1075 3643 1168 3696 simios

82 3663 177 3768 bircos
194 3715 277 3767 boves
294 3716 444 3768 crocodilos
462 3716 616 3780 coluerunt;
636 3724 718 3784 atquo
730 3715 861 3783 imprimis
879 3713 974 3767 bovem
993 3715 1068 3766 illurn
1087 3714 1167 3764 variis

85 3785 226 3838 coloribus
243 3787 412 3856 praeditum,
436 3803 517 3855 quens
526 3785 754 3856 Apimrocabant.
771 3803 830 3850 qum
845 3785 916 3836 euim
935 3786 983 3836 bos
1004 3782 1075 3854 apud
1094 3784 1166 3852 ipsos

84 3857 256 3919 nascebatur,
277 3859 323 3927 qui
340 3859 369 3909 in
383 3858 476 3925 lingua
493 3865 521 3909 et
533 3856 617 3910 cauda
632 3865 712 3908 notas
729 3855 857 3924 quasdam
876 3855 987 3907 referret
1000 3863 1027 3906 et
1045 3857 1073 3905 in
1093 3855 1167 3906 frou·

86 3936 114 3979 te
142 3926 349 3980 similitudinem
375 3928 455 3979 lunae
481 3926 638 3979 dimidiatae
665 3927 831 3988 imitaretur,
860 3925 1031 3992 perbilariter
1056 3923 1167 3976 choreas

84 3997 260 4052 ductitabant
278 4009 306 4051 et
319 4007 465 4050 conventus
483 3997 606 4067 publicos
625 3997 819 4056 celebrabant,
837 3996 914 4063 quasi
935 4013 1018 4048 novus
1034 3995 1167 4064 quispiam

84 4068 155 4122 deus
172 4069 206 4118 ad
224 4070 297 4137 ipsos
315 4085 344 4119 se
362 4070 528 4120 contulisset.
546 4085 576 4119 ac
594 4067 628 4119 de
647 4059 697 4119 bis'
706 4066 816 4137 quidem
835 4065 970 4118 hactenus.

157 4141 241 4194 llectc
261 4147 350 4191 autem
369 4149 477 4192 octavus
496 4139 583 4192 allos
602 4137 735 4192 Ssruclrus
753 4137 836 4191 luisse
857 4135 962 4190 dicitur.
984 4136 1086 4208 quippe
1105 4133 1167 4187 Cai-
