2742 4617
188 213 274 324 398
518 237 735 306 ascissens
768 238 928 304 oracla

159 411 180 464 Β
187 391 248 474 γάρ
270 393 418 456 aazias»
444 389 488 464 de
518 389 576 454 οάκ
594 389 678 456 ἔστιν
699 391 801 456 αάτοῦ
830 392 1083 472 perterreant.
1126 389 1182 454 καί
1200 393 1277 474 περί

185 494 245 573 μὲν
265 485 383 556 resisus
403 485 512 564 οὕτως.

261 588 353 654 ‘Odi
374 586 483 670 κάρισς
504 589 595 672 ἡμῶν
628 591 751 674 'Ipneis
771 587 913 674 Χριστὸς
930 587 1012 670 μετά
1034 587 1070 652 τά
1090 591 1273 670 damandi.
1364 591 1365 610 ¹

182 713 238 756 ναι
256 687 312 756 καί
336 692 394 753 τοῦ
425 693 695 772 θαυματουργεῑν,
729 691 773 766 τάς
788 726 791 733 v
804 690 1006 774 προείρηται,
1027 687 1082 754 καί
1101 693 1158 755 τοῦ
1179 687 1272 752 dedd-

182 811 268 854 σκειν
304 784 503 870 άπάρχετικι,
538 791 591 872 ἐφ’
621 778 648 876 ᾧ
678 793 732 852 καί
760 789 837 852 λαὸν
868 787 926 852 σάοι
955 786 1063 872 ὀλίγον
1090 790 1298 875 spasmus

182 888 283 975 ταύτῃ
302 910 349 953 τοι
375 889 431 953 κοί
450 890 626 972 φθονοῦσιν
644 891 733 974 ον’κρῑ
760 887 789 954 ai
813 889 973 971 άρχιορεϊς
994 887 1050 952 καί
1067 885 1097 952 oi
1117 913 1269 972 γρομμπ.

180 996 265 1062 τεΐς·
320 983 396 1050 ὅθεν
414 981 530 1067 άβρεσι
552 983 706 1052 πλύνουσι
726 991 783 1052 καί
800 984 932 1070 μάμσυς
960 987 1045 1074 αὐτῷ
1065 991 1268 1072 προσεπιτρί-

178 1091 291 1168 βοοσι,
319 1087 518 1169 Σαμαρείτην
547 1085 780 1162 ἀποκαλοῦντες
807 1089 862 1153 κατ’
893 1088 1090 1168 torporem
1112 1087 1216 1172 φάγον
1235 1111 1269 1152 τε
1364 1101 1365 1104 ’

179 1184 237 1252 καί
253 1183 416 1270 ον’νσπάτφν
435 1185 544 1252 οιάτάν,
586 1182 666 1252 άλλά
689 1187 743 1250 καί
765 1183 1126 1268 armistitiorum
1145 1191 1269 1268 μᾶλλον

179 1284 273 1368 ἡνίκα
301 1281 515 1369 τετραήμερον
543 1277 649 1368 ἤγειρε
669 1283 725 1354 τάν
748 1287 902 1369 Λάζαρον
923 1288 957 1352 εἰι
977 1291 1102 1368 νεκράν.
1160 1286 1264 1350 ου’κὲτι
1280 1311 1312 1355 ιο
1364 1295 1365 1320 ³

151 1382 292 1451 ῦλσιπόν
311 1388 472 1471 παρρησίᾳ
496 1386 679 1469 περιεπάτει
697 1385 807 1462 ἐντοῖς
824 1385 1007 1466 Ἰουδαίοις,
1034 1384 1101 1452 ἄλλ’
1123 1387 1267 1470 ἀπῆλθεν
1364 1383 1365 1448 Ῑ

179 1485 227 1558 εἰς
245 1482 304 1567 τὴν
327 1478 440 1576 χάραν
460 1481 554 1566 ἐγγάς
585 1487 641 1567 τῆς
661 1481 782 1566 ἐρήμου
803 1485 848 1560 είς
863 1485 1000 1571 Ἐφροιλμ
1020 1488 1188 1568 λεγομένην
1207 1483 1267 1548 πά-

77 1591 111 1646 V.
124 1597 171 1649 aee
179 1587 248 1662 λιν,
281 1581 373 1648 scissi
393 1583 529 1665 διάτριβε
559 1581 642 1664 μετά
663 1588 728 1649 τοῖν
746 1585 899 1668 μαθητῶν
918 1583 1033 1666 αὐτοῦ,
1053 1579 1096 1660 τάς
1114 1581 1268 1668 Ἰωάννης

178 1683 271 1768 φησί.
319 1684 393 1762 μεθ’
428 1679 550 1764 ἡμέρας
577 1684 613 1748 δέ
643 1703 730 1758 τινος
771 1679 893 1748 ἐκεῖθεν
920 1679 1064 1766 ἔρχεται,
1099 1681 1156 1750 καί
1180 1681 1263 1764 μετά

176 1781 279 1864 deiros
304 1785 564 1865 προσυπανπόοιν
595 1782 681 1870 ου’τρῖ
709 1783 769 1846 τοῦ
800 1779 877 1850 κατά
907 1780 963 1847 τὸν
992 1781 1146 1866 Λάζαρον
1170 1785 1263 1850 ἕνεκα
1279 1791 1312 1855 ¹5

176 1880 353 1962 θαύματος.
393 1883 428 1949 ἐν
449 1882 486 1946 δέ
505 1904 541 1961 γε
559 1884 597 1968 τῇ
615 1879 734 1968 μεγάλῃ
762 1883 887 1965 τετράδι
907 1881 994 1964 παρά
1015 1883 1136 1964 Σίμων
1155 1879 1264 1948 ἑστιά-

75 1976 80 1988 '
174 2003 228 2046 τοι
247 1983 291 2068 aqi
321 1979 419 2062 πατρί
448 1983 507 2045 τοῦ
534 1977 711 2064 Λαζάρου,
741 1976 777 2046 ds
805 1981 901 2056 ου’τάς
922 1987 976 2064 τῆς
997 1985 1113 2064 λίπρας
1133 1981 1261 2050 ἰάσατο.

173 2080 242 2146 τότε
264 2076 302 2163 δὴ
324 2076 396 2155 ,τότε
424 2077 445 2161 ἦ
465 2077 543 2164 γυνά
569 2080 669 2163 πάρννγ
690 2081 728 2165 τῇ
747 2085 871 2167 κεφαλῇ
900 2080 999 2144 adrui
1019 2078 1119 2162 μάρυν
1140 2083 1263 2162 ἑπιχὲει

171 2166 354 2260 πολύτιμον.
404 2174 466 2260 ὅρα
490 2181 526 2243 δὲ
554 2181 710 2259 νουνεχῶς
736 2173 787 2242 ὅτι
810 2180 845 2244 ai
871 2189 1015 2261 γυναῖκες
1046 2177 1082 2244 οἱ
1109 2175 1260 2264 τὸμάρον

175 2276 350 2359 άλείψοσοι
380 2276 438 2341 τάν
461 2275 570 2358 κάρυον
601 2285 684 2361 τρεῖς
704 2275 738 2342 αἱ
771 2282 870 2344 πᾶσαι
892 2281 982 2344 είσίν.
1026 2273 1105 2362 άλλη
1122 2283 1183 2360 μὲν
1198 2279 1257 2366 γάρ
1269 2305 1309 2349 20

103 2461 111 2476 Ι
141 2374 301 2460 neuros
332 2373 420 2460 παρά
440 2378 486 2462 τῷ
509 2373 662 2463 Ἰωάννῃ·
713 2375 804 2458 τιμία
835 2379 871 2442 δὲ
895 2375 995 2463 αὕτη,
1020 2377 1113 2464 κοίῆ
1133 2379 1258 2466 erasos}

175 2632 279 2684 bannos
298 2630 346 2681 ille
364 2628 566 2696 chrysostomus
586 2632 633 2683 ait
652 2632 754 2702 quippe
772 2634 793 2683 si
812 2649 861 2702 pro
881 2631 983 2685 laboris
1001 2633 1044 2684 rui
1064 2634 1170 2685 ratione
1186 2649 1256 2684 mer-

175 2720 219 2754 ces
237 2703 318 2753 etiam
338 2702 485 2770 unicuique
502 2702 652 2764 tribuetur,
673 2711 701 2754 et
719 2705 742 2754 si
760 2704 852 2755 nullus
871 2703 979 2756 illorum
997 2705 1059 2773 plus
1078 2705 1162 2756 Paulo
1180 2703 1256 2756 labo-

174 2773 252 2836 ravit,
272 2771 351 2842 quid,
374 2771 498 2836 obsecro,
517 2772 680 2826 dicendum?
699 2775 868 2844 perspicuum
889 2774 953 2826 hine
969 2775 1092 2846 profecto
1112 2784 1153 2830 est
1169 2777 1256 2828 nemi-

173 2862 236 2897 nem
256 2861 288 2894 eo
306 2845 432 2894 malorem
450 2859 516 2894 esse.
542 2842 576 2894 de
595 2843 636 2894 lais
654 2843 794 2896 hactenus.

243 2915 374 2966 Dominus
401 2921 490 2964 autem
523 2921 615 2965 noster
637 2917 712 2966 lesus
742 2915 862 2968 Christus
890 2923 1065 2986 posteaquam
1089 2915 1255 2987 baptissatns

174 2994 258 3050 esset,
276 2995 335 3037 tum
353 2984 480 3035 miracula
498 2985 629 3054 quaedam
648 2985 747 3050 edere,
773 3004 821 3038 ceu
839 2987 912 3055 prius
931 2985 1131 3052 iudicabamus,
1149 2989 1254 3058 coepit,

172 3067 231 3112 tum
249 3055 364 3110 docendi
383 3055 449 3108 fecit
477 3055 594 3106 initium.
613 3072 667 3124 quo
694 3056 793 3108 sactrsm
822 3065 852 3108 ut
869 3059 1000 3127 populum
1026 3058 1060 3108 ad
1080 3075 1108 3110 se
1126 3076 1181 3111 non
1197 3060 1255 3110 exi-

172 3145 252 3197 guum
274 3124 458 3197 pertraheret,
475 3143 556 3196 quarn
573 3143 627 3178 rem
652 3127 811 3196 pontificum
830 3135 857 3180 et
874 3127 1021 3180 scribarum
1041 3127 1144 3180 invidia
1162 3137 1254 3182 secuta
1300 3185 1303 3193 ,

173 3202 223 3252 eorl
243 3198 308 3252 hinc
327 3197 485 3248 iniuriarum
515 3196 703 3266 adspersiones
730 3205 758 3250 et
786 3198 1024 3268 reprehensionum
1045 3203 1252 3270 usurpationes,

173 3269 272 3341 quibus
300 3285 362 3320 eum
396 3265 581 3334 exagitabant,
605 3267 800 3322 samaritanum
828 3269 996 3340 appellantes
1023 3279 1050 3322 et
1076 3273 1155 3340 genio
1180 3271 1251 3324 malo

172 3339 320 3392 obnoxium
341 3345 370 3390 et
385 3336 560 3390 comedonem
580 3346 608 3390 et
634 3339 823 3392 temulentum.
844 3341 992 3408 quinetiam
1011 3339 1148 3411 lapidibus
1164 3342 1251 3410 ipsum

169 3410 317 3482 petebant,
334 3426 364 3460 ac
389 3417 448 3462 tum
465 3410 624 3478 praesertim
648 3427 709 3462 cnm
731 3410 857 3464 Lazarum
882 3418 940 3462 toto
957 3410 1048 3463 triduo
1066 3421 1201 3464 mortrusm
1221 3413 1251 3466 in

170 3483 252 3532 vitam
271 3485 429 3532 revocasset
447 3495 531 3550 quare
548 3496 605 3533 non
624 3481 678 3532 iam
694 3481 807 3550 amplius
825 3479 952 3532 audacter
968 3481 1039 3534 inter
1058 3483 1172 3536 ludaeos
1190 3499 1251 3535 ser-

171 3551 296 3616 sabatur,
316 3552 363 3602 sed
381 3552 411 3603 in
428 3551 541 3602 vicinam
553 3550 697 3604 solitudini
712 3554 860 3620 regionem,
878 3551 926 3604 ubi
946 3552 1075 3622 oppidum
1095 3560 1153 3605 erat
1171 3571 1250 3622 quam

170 3623 347 3690 Eplrraemam
366 3621 508 3686 dicebant,
527 3621 685 3686 secedebat,
704 3622 798 3692 ibique
819 3641 878 3674 curn
899 3621 1037 3692 discipulis
1056 3625 1110 3676 suia
1126 3623 1250 3708 aliquan·

169 3692 235 3756 diu,
253 3710 303 3744 ceu
320 3691 455 3744 lohannes
474 3693 517 3760 (ιο
540 3693 585 3761 54)
600 3694 747 3744 memoriae
763 3692 902 3762 prodidit,
921 3693 1043 3763 degebat.
1061 3703 1123 3766 post
1144 3695 1249 3764 aliquot

169 3763 229 3814 dies
249 3765 396 3814 revertenti
420 3763 568 3832 palmarum
592 3781 653 3816 curn
672 3765 752 3814 ramis
774 3772 933 3828 occurrunt,
956 3766 1014 3816 eins
1033 3765 1153 3816 miraculi
1171 3783 1248 3818 causa

103 3853 107 3862 ·
169 3831 245 3903 quod
266 3833 296 3884 in
322 3832 504 3884 resuscitando
532 3833 628 3886 Lazaro
656 3831 785 3886 ediderat
803 3833 868 3886 inde
887 3851 982 3904 uragna
998 3835 1047 3886 illa
1066 3845 1162 3906 quarta
1180 3837 1248 3892 seria

168 3903 243 3974 apud
274 3904 410 3956 Simonem
436 3904 526 3956 Lazari
556 3913 677 3974 patrem,
711 3906 786 3957 cuius
813 3907 914 3974 lepram
942 3915 1093 3970 sanaverat,
1124 3907 1247 3960 convivio

169 3974 318 4042 excipiturq
329 3977 399 4044 'quo
426 3975 455 4026 in
474 3975 596 4026 convivio
624 3975 721 4028 mulier
738 3975 888 4045 quaedam,
906 3993 975 4046 quae
992 3993 1102 4047 corpure
1124 3995 1172 4028 erro
1190 3995 1247 4028 rne-

168 4046 283 4103 rnisset,
310 4052 446 4107 unguento
474 4045 581 4096 maximi
606 4047 687 4112 pretii
718 4055 798 4114 caput
828 4049 884 4098 eius
913 4046 1060 4116 perfundit.
1083 4057 1166 4118 alque
1187 4047 1247 4100 bric

167 4111 315 4187 prudenter
333 4111 466 4168 advertito
485 4114 559 4185 quod
576 4115 703 4168 mulieres
724 4133 793 4186 quae
811 4117 945 4170 Christum
963 4128 1098 4188 unguento
1117 4120 1247 4192 perinde·
