2742 4617
446 276 787 343 suusnruuums
808 284 844 343 ι.
1130 269 1182 349 σι

112 428 167 495 τσῦ
188 422 349 512 προφήτου
365 430 505 512 λέγοντος
519 425 597 507 »ἐὰν
617 430 730 512 θέλητε
750 430 804 495 καί
823 434 1026 522 εἰσακοέσητέ
1042 465 1123 527 μου,
1145 445 1185 512 τὰ

112 523 218 609 α’γαθοὶ
240 527 296 609 τῆς
316 528 373 611 γῆς
397 526 564 613 φαγεσθε.”
586 526 642 591 έὰν
662 531 776 612 θέλητε
795 528 856 615 γὰρ
879 524 975 600 clunis
995 536 1090 617 έιλειξι
1109 568 1187 629 προ.

110 628 219 709 φανῶς
240 624 284 701 ὥς
304 621 472 711 έλεέθερός
491 651 538 702 τις
567 624 584 691 o‘
609 630 682 691 καθ’
702 631 757 692 ἕνα
777 630 888 712 ἡμῶν,
907 638 962 699 καί
981 631 1027 703 ὅτι
1047 644 1107 706 τῶν
1128 641 1187 708 αὖ·

107 728 163 789 τοῦ
184 722 326 809 πράξεων
345 729 473 801 ἕκαστος
493 721 746 807 ὁμολογουμένως
766 731 888 814 πέφυκε
899 732 1015 817 κύριος.

83 831 100 892 5
191 826 320 889 Bidinus
339 823 401 909 γὰρ
421 827 514 889 τοῦτο
536 822 613 907 πρὸς
625 834 691 900 τοῖς
704 827 880 910 εἰρημένοις
899 824 1022 897 ἄνωθεν
1041 836 1186 921 ὀφείλεις,
1194 852 1219 902 Ρ.
1230 852 1264 903 3ο

108 925 268 1007 α’γαιιητέ,
300 919 351 987 ὅτι
383 922 412 987 οἱ
433 922 485 989 τὸν
511 920 599 1009 ἣλιον
627 928 765 1007 λέγοντες
784 924 829 1011 μη
850 927 908 1013 την
925 935 984 1015 γῆν
1004 932 1187 1020 ὑποτρέχειν
1195 945 1227 998 ll.
1237 946 1270 997 σε

107 1022 251 1087 κάτωθεν
271 1019 351 1105 μετὰ
381 1019 435 1107 τήν
464 1022 565 1089 adrui
585 1021 691 1105 δυ’σιν,
714 1026 781 1090 ἀλλ’
802 1029 836 1091 έιι
857 1035 990 1113 πλαγίου
1013 1030 1073 1117 τὴν
1092 1036 1189 1099 αὐτοῦ

107 1120 294 1202 ποιούμενον
314 1121 418 1189 δίοδον
437 1121 518 1209 πρὸς
532 1117 685 1199 ἆνατολιές
706 1122 903 1207 ἀπέρχεσθαι
927 1132 1073 1197 κάκεῖθεν
1093 1128 1190 1210 αὖθις

108 1222 308 1306 αἰτέρχεσθαι
329 1226 388 1287 τοῦ
409 1222 558 1309 φωτίζειν
576 1221 634 1307 τὴν
653 1224 726 1307 γῆν,
749 1225 806 1287 mix
826 1226 1047 1311 ειέπαροέέεκτα
1068 1234 1188 1316 λέγειν,

67 1321 152 1401 ιθὼς
173 1317 279 1403 οἶμαι,
311 1330 377 1397 τοῖς
397 1316 433 1387 εὖ
464 1324 636 1408 φρονοῦσιν
665 1323 884 1409 κριθήσονται,
908 1330 944 1418 εἰ
962 1328 1088 1411 μήπου
1107 1331 1187 1395 κατέ

108 1417 198 1503 λέγον
233 1422 409 1502 οἰκονομίας
436 1424 567 1485 τοιαῦτα
598 1425 698 1503 λέγειν
716 1420 921 1506 προάγονται.
965 1429 995 1492 εἰ
1011 1426 1073 1515 γὰρ
1095 1429 1190 1496 οὐδέν

107 1516 215 1603 ἕτερόν
238 1522 321 1584 ἐστιν
349 1520 368 1604 ἡ
396 1518 453 1599 vd}
474 1522 542 1585 ἀλλ’
562 1516 584 1605 ἢ
600 1523 739 1601 σκίασμα
760 1523 834 1604 γῆς,
863 1528 923 1588 τοῦ
942 1524 1034 1609 ἡλίου
1052 1525 1111 1612 τὴν
1131 1527 1189 1613 γῆν

107 1614 356 1701 ὑποτρέχοντος,
378 1615 421 1695 ὥς
442 1612 458 1683 ὅ
481 1618 689 1703 Δαμασκηνὸς
713 1617 855 1704 Ἰωάννης
876 1622 974 1709 φησί,
995 1628 1061 1704 παῖς
1081 1628 1217 1695 λοιπόνΒ

106 1721 225 1796 βαθεῖα
250 1716 308 1801 τὴν
332 1719 453 1803 ἡμέραν
483 1720 659 1796 διαδέξεται
681 1718 754 1799 νύξ,
779 1724 837 1785 τοῦ
855 1719 944 1805 ἧλίοα
965 1729 1031 1789 κατ’
1051 1716 1188 1803 έκείνοιις

68 1816 266 1899 ,ςέγγιέτατα
285 1816 339 1881 καί
358 1822 474 1902 μικροῦ
494 1816 572 1901 πρὸς
591 1818 675 1900 ἡμᾶς
689 1824 920 1903 στρεφομένοα,
940 1817 1110 1892 κάντεῦθεν
1131 1829 1188 1891 οἷκ-

107 1920 201 1981 τίνων
221 1914 297 1997 ἡμῖν
323 1918 540 1997 έμπιπτουσοῖν
574 1919 628 1981 καί
658 1919 866 2001 φωτιζοοσῶν
888 1917 922 1986 τέ
944 1924 1115 2007 περίγειονς
1136 1929 1192 1991 καί

110 2018 138 2077 εἰ
157 2010 203 2098 μη
226 2016 322 2100 πείθῃ
344 2024 411 2089 τοῖς
430 2018 621 2097 λεγομένοις,
642 2014 751 2091 αὐτοῖς
765 2025 830 2091 τοϊς
850 2017 1014 2101 πράγμασι
1033 2025 1192 2107 πείσθητι.

109 2119 143 2179 έν
162 2113 322 2200 Βριτανίη
349 2117 388 2199 τῇ
415 2110 497 2200 νήσῳ
521 2106 815 2196 ὄκτωκαιιλειιοὶωρσς
841 2118 900 2197 μὲν
920 2118 939 2201 ἦ
961 2118 1063 2203 ἡμέρα
1084 2124 1191 2205 έστίν,

112 2210 249 2297 έξιέωρος
271 2210 341 2295 diri
363 2213 427 2287 νύξ.
469 2212 524 2275 καί
542 2211 582 2274 ου’
599 2210 697 2292 μόνον
718 2208 865 2295 ἓξιέωρος,
885 2214 964 2279 ἄλλο’
985 2221 1041 2282 καί
1062 2218 1098 2284 τέ
1119 2219 1193 2285 σκέ-

64 2346 101 2385 20
111 2334 163 2387 τος
184 2312 280 2393 αὐτῆς
301 2310 339 2374 οὐ
360 2306 444 2375 πάνυ
466 2308 575 2391 βαθύ,
611 2314 756 2375 τοιοῦτον
777 2313 811 2375 δέ
829 2316 927 2377 εἰπεῖν
946 2313 1053 2381 ὁποῖόν
1074 2322 1140 2384 ἐστι
1155 2320 1191 2385 τέ

109 2412 187 2491 παρ’
207 2404 281 2492 ἡμῖν
298 2406 459 2491 λεγόμενον
486 2406 678 2494 λιικόφωτον.
734 2409 924 2490 ἐμπίπτουσι
946 2411 1005 2498 γὰρ
1029 2417 1137 2494 αὐτοῖς
1157 2419 1192 2483 ui

109 2509 211 2591 udyus'
229 2512 287 2572 roci
307 2506 409 2591 ἡλίου.
451 2512 534 2583 τίνος
553 2509 677 2589 ἓντκενς
698 2504 749 2573 ὅτι
769 2511 827 2575 κέν
846 2519 918 2588 ταῖς
938 2514 1024 2595 νυξίν
1043 2517 1191 2596 ου’ταῖςέ

187 2650 213 2705 5.
232 2647 298 2723 γὰρ]
318 2648 368 2705 dt?

111 2804 172 2841 cnm
193 2788 266 2839 euim
283 2788 322 2841 ait
336 2788 378 2854 „si
402 2789 542 2843 volueritis
553 2792 576 2853 ,”
597 2791 743 2844 manifesto
768 2792 886 2846 declarat
903 2810 1124 2866 unumquemque
1140 2814 1192 2851 uc-

111 2870 196 2912 strum
215 2860 329 2911 liberum
350 2876 424 2925 esse,
444 2862 578 2930 simulque
595 2862 717 2929 singulos
737 2880 795 2916 esse
812 2865 882 2916 sica
901 2874 997 2917 natura
1015 2876 1192 2936 comparatos,

111 2948 221 2983 suarum
241 2938 272 2981 ut
289 2932 425 2983 actionum
443 2933 495 3001 ipsi
514 2932 569 2983 sint
586 2932 698 2985 domiui.

180 3002 290 3052 Praeter
314 3001 433 3054 indicata
456 3020 539 3065 vero,
572 3003 670 3055 dilecte
699 3003 753 3067 iili,
771 3002 824 3054 hoc
843 3004 923 3055 etium
942 3004 1009 3056 scire
1028 3004 1128 3070 (lebes,
1147 3024 1194 3061 eos

111 3072 159 3141 qni
177 3071 262 3123 sulem
282 3070 374 3125 dicunt
392 3089 447 3124 nou
465 3073 578 3125 iuferius
603 3081 699 3126 terrum
718 3081 781 3143 post
802 3091 923 3125 occasum
943 3093 1020 3127 sunm
1039 3078 1195 3129 subtercur-

112 3156 185 3204 τετε,
205 3141 254 3194 sed
273 3143 385 3212 obliquo
403 3144 501 3196 itinere
523 3142 558 3195 ad
577 3152 665 3195 ortum
681 3146 823 3215 pervenire
842 3145 962 3217 indeque
979 3165 1081 3199 rursum
1098 3164 1194 3216 perge-

110 3230 139 3263 re
160 3212 194 3263 ad
222 3213 433 3265 collustrandum
461 3223 577 3277 terram,
609 3230 669 3265 mea
687 3215 797 3287 quidem
816 3216 952 3268 sententia
968 3218 1033 3269 viris
1051 3218 1195 3287 prudenti-

110 3282 163 3334 bus
180 3300 275 3352 parum
295 3284 449 3354 probabilia
467 3285 573 3336 trudere
593 3284 752 3337 iudicandos
773 3302 850 3348 csse,
873 3288 926 3337 nisi
947 3287 1017 3339 sorte
1034 3297 1107 3339 certo
1126 3305 1195 3359 qno-
1268 3297 1275 3315 ⁴

111 3353 172 3405 dam
192 3354 307 3406 consilio
325 3356 392 3407 talia
414 3355 562 3425 proterunt.
592 3371 652 3407 nam
680 3357 703 3407 si
720 3356 791 3407 nihil
812 3356 888 3407 uliud
906 3367 948 3410 est
965 3374 1019 3408 nox
1036 3376 1116 3427 quum
1136 3376 1195 3410 um-

111 3424 158 3474 bra
177 3433 285 3487 terrae,
310 3442 380 3495 quae
407 3427 501 3480 existit
517 3426 575 3477 sole
600 3434 697 3476 terram
715 3426 948 3492 subtercurrentc,
968 3428 1194 3497 quemadmodum

111 3495 246 3547 lohannes
264 3496 313 3546 ille
332 3497 511 3549 Damuscenus
529 3496 635 3566 iuquit,
654 3512 708 3565 quo
726 3498 785 3550 lieri
801 3506 880 3566 pactu
900 3502 1002 3568 poterit
1019 3507 1049 3549 ut
1067 3500 1122 3551 alm
1141 3518 1196 3552 nox

112 3564 183 3617 diem
214 3567 334 3635 excipiat
361 3568 418 3619 sole
444 3568 491 3635 (de
515 3568 633 3637 ipsorum
656 3566 767 3636 quidem
793 3572 939 3638 sententia)
959 3570 1162 3639 quamproxime
1178 3588 1195 3622 ε

112 3636 190 3688 uobis
209 3654 269 3690 sese
287 3646 478 3703 convertente,
504 3654 619 3707 quocum
644 3652 703 3689 esse
723 3638 896 3698 coniunctum
916 3647 1025 3707 oportet
1043 3649 1075 3691 ut
1093 3640 1128 3692 ad
1144 3658 1194 3694 nos

113 3706 181 3757 radii
211 3708 368 3776 pertingant
395 3718 537 3779 terraeque
559 3709 662 3760 vicinas
691 3716 787 3777 partes
807 3709 989 3761 collustrent?
1016 3710 1113 3779 quodsi
1130 3711 1195 3764 huic

112 3778 229 3829 orationi
247 3778 328 3829 fidem
349 3797 405 3831 non
423 3778 524 3842 habes,
545 3778 625 3831 rebus
645 3779 712 3847 ipsis
728 3779 885 3848 persuaderi
902 3789 930 3831 te
945 3781 1054 3849 patitur.
1073 3783 1102 3835 in
1119 3784 1196 3835 insu-

110 3846 138 3899 la
154 3848 294 3900 Britannia
319 3849 379 3902 dies
405 3851 530 3901 horarum
550 3850 634 3901 XVIII
655 3850 772 3918 spatium
790 3852 927 3913 continet,
952 3868 1012 3902 cum
1029 3869 1085 3905 nox
1103 3855 1195 3923 plures

110 3934 192 3987 quam
212 3918 250 3969 Vl
274 3918 354 3971 horus
379 3938 434 3973 non
455 3920 562 3975 habeat.
587 3936 677 3990 neque
704 3928 808 3972 uatum
834 3937 881 3973 sex
909 3920 1035 3974 horarum
1061 3933 1115 3986 ert,
1145 3922 1196 3975 secl

110 3988 195 4039 etiam
220 3990 307 4057 caligo
335 3992 395 4043 eius
421 4008 476 4043 uon
500 3990 644 4042 admodum
674 4000 717 4042 est
741 3990 892 4060 profunda,
920 3992 1046 4045 nimirum
1062 3993 1195 4046 eiusmodi

130 4059 194 4110 nale
212 4061 343 4129 quiddam
362 4078 411 4113 nos
425 4062 620 4131 crepusculum
639 4060 762 4113 dicimus.
780 4078 842 4113 num
860 4064 1018 4132 pertingunt
1036 4063 1071 4115 ad
1088 4080 1134 4115 eos
1151 4080 1194 4112 ra·

108 4075 150 4183 dii
170 4130 246 4183 solis.
263 4130 464 4203 quamobrem?
483 4134 548 4205 quia
567 4147 617 4204 per
636 4132 708 4205 ipsas
728 4133 811 4185 etiam
829 4143 922 4188 noctes
942 4135 983 4188 sol
1001 4134 1035 4186 sb
1054 4133 1094 4184 eis
1112 4148 1194 4202 quam
