2742 4617
211 247 294 361 spi
543 269 759 338 uictimis
786 245 949 336 esicii

210 423 482 508 Ψομθομιηάνιχον
510 419 611 488 norm
642 416 660 482 ῦ
692 418 815 502 wopam
846 414 1092 504 rrpoooyopes'ts,
1126 417 1290 484 τουτέστιν

205 520 377 611 ἀφευρετην
396 523 458 584 rai»
479 523 636 604 κρυπτῶν.
674 517 731 585 τόν
756 521 793 583 tt
815 517 908 600 λτμόν
927 520 1045 582 ἐκεῖνον
1063 512 1291 602 inrepserat-
1366 544 1367 549 ’

177 628 284 688 Βσθαι
305 617 359 686 dui
380 617 416 684 τὸ
434 617 513 704 μήτε
531 617 587 684 τόν
598 623 713 684 Νεῖλον
727 614 799 683 τότε
814 619 957 682 ἀνελθεῖν
969 613 1050 701 μήτε
1068 613 1184 702 ῦρῦσον
1201 612 1290 680 dm.

204 725 262 788 θεν
282 725 456 786 κατελθεῖν.
508 721 600 806 γεννᾷ
627 719 663 783 riri
690 716 804 803 Ἰωσὴφ
825 715 882 784 κατ’
900 716 960 782 risio
978 714 1085 799 sinric,
1104 715 1291 799 Μανασσῆν

204 825 261 887 κατ’
276 821 422 904 ’Eupolis
464 819 520 883 soi
536 815 571 882 τὸ
590 819 649 898 μὲν
661 820 843 900 Μανασσῆς
860 818 1007 902 σημαίνει
1025 817 1188 898 ἀπιληθον·
1229 813 1315 878 cri-5
1367 840 1368 863 ι

203 921 396 1004 δαιμονὴσας
407 915 467 1004 γὰρ
489 915 591 1001 λη’θην
609 918 670 982 νῦν
685 913 898 1001 ἀτυχημάτων
909 913 1014 998 ἔλαβε.
1034 911 1070 979 τῦ
1093 914 1131 980 δὲ
1148 913 1289 998 Ἐφραῦμ

200 1019 391 1096 ἀποῦιῦοῦς·
419 1012 516 1093 αῦτός
536 1015 597 1100 γὰρ
618 1023 683 1092 τοῖς
702 1015 868 1102 προγόνοις
884 1011 941 1100 την
959 1013 1145 1100 ἐλευθερίαν
1158 1013 1288 1078 ‹tutta-

201 1142 248 1187 κε.
289 1117 460 1184 καὶταῦτα
482 1118 541 1199 μὲν
561 1118 673 1180 τοῦτον
694 1112 762 1197 ἔχει
779 1113 833 1181 τὸν
853 1111 980 1201 τρόπον.

286 1217 326 1284 Οἳ
348 1219 384 1284 δέ
404 1239 440 1300 με
468 1219 529 1281 τοῦ
549 1215 661 1299 lusci?
691 1213 761 1282 vini
784 1213 975 1289 ἀκούσαντες
1003 1211 1043 1278 τά
1063 1207 1154 1296 παρὰ
1173 1209 1287 1293 Συχὲμ

200 1319 258 1385 τοῦ
278 1315 350 1382 aion
364 1311 466 1402 Ἐμάρ
486 1319 673 1400 γεγενημένα
693 1314 747 1381 ἐπὶ
765 1318 806 1402 τῇ
835 1313 960 1401 ἀδελφῇ
987 1303 1093 1377 αῦτάν
1115 1311 1195 1397 Δινᾷ
1224 1333 1285 1375 κα·
1298 1339 1333 1382 ιο

201 1414 375 1500 τενῦγησαν
394 1410 471 1499 ἤχου
485 1411 719 1500 νέλυπὴθησιιν,
733 1407 957 1498 ἀσχημοσύνην
975 1408 1011 1477 τῦ
1033 1413 1165 1496 πρᾶγμα
1183 1411 1287 1492 ἑλοχί·

171 1529 306 1583 coemo.
348 1517 401 1599 ἐφ’
422 1503 450 1602 ᾧ
467 1511 521 1578 καί
539 1513 613 1588 τοῦς
625 1515 726 1579 ἐκεῖσε
745 1513 974 1594 παροινοῦντας
993 1505 1085 1594 ἔργον
1103 1505 1204 1595 φόνου
1225 1529 1286 1571 πε.

198 1611 373 1698 ποιὴκαστν.
425 1608 502 1678 ὅθεν
522 1610 577 1676 κατ’
591 1616 754 1696 συγχωρεῖ
774 1605 891 1685 αῦτοῦς
914 1607 934 1673 ri
950 1608 1024 1684 θεὸς
1041 1605 1154 1692 καιρῦν
1172 1602 1285 1670 ἱκανὸν

196 1713 377 1798 κακωθῆναι
399 1713 466 1776 κατ’
487 1711 659 1795 Αἴγυπτον.
711 1703 791 1794 αῦτη
810 1701 869 1773 οῦν
887 1706 908 1793 ἧ
928 1710 1016 1773 αἰτία
1035 1709 1090 1792 τῆς
1110 1704 1285 1780 πολυετοῦς

198 1809 254 1875 καὶ
272 1811 398 1896 πρώτης
421 1813 639 1894 αἰχμαλωσίας
663 1809 780 1874 αῦτῦν.
830 1806 849 1871 o‘
876 1809 982 1895 μέντοι
1004 1802 1114 1888 Ἰακτῦβ
1132 1807 1284 1890 ζητηθτίς
1296 1819 1333 1882 15

119 1927 123 1936 '
198 1907 285 1996 παρὰ
305 1913 363 1974 τοῦ
379 1909 507 1997 Ἰωσήφ,
527 1910 618 1994 ἡνίκα
639 1906 720 1992 πρὸς
733 1904 833 1974 αῦτόν
853 1907 995 1991 ἀπῆλθον
1014 1903 1046 1971 οἱ
1065 1905 1201 1992 ἀδελφοὶ
1220 1897 1283 1970 αῦ-

196 2011 254 2076 τοῦ
274 2007 327 2074 riui
350 2008 406 2095 την
425 2011 561 2095 ἀνάγκην
577 2012 635 2074 τοῦ
655 2010 761 2090 λιμοῦ,
777 2007 935 2091 κατῆλθον
953 2008 1000 2082 εἷς
1021 2001 1185 2089 Αἴγυπτον
1204 2005 1240 2070 ἕν
1254 2005 1281 2068 ἀ

196 2111 253 2174 κατ’
271 2107 294 2174 ε’
314 2117 448 2194 ψυχαῖς.
468 2108 575 2196 τιθησι
596 2111 632 2176 di
653 2107 709 2175 νῦν
721 2103 893 2193 ἀριθμόνῆ
913 2106 1033 2193 γραφη,
1051 2101 1104 2172 iso
1124 2099 1284 2186 μάθωμεν

164 2211 232 2284 nix
242 2206 349 2273 πόσων
360 2207 636 2292 πόσοιηεμόνααιν.
659 2205 678 2270 ῦ
695 2209 731 2271 δῦ
743 2229 780 2290 χε
795 2203 909 2289 Ἰακώβ
924 2207 1041 2288 μικροῦ
1060 2207 1127 2270 δεῖν
1140 2205 1284 2282 ἐξέλιπεν

96 2327 127 2380 v,
142 2307 231 2382 „tiss
250 2309 306 2392 τῆς
328 2300 562 2391 ἀπροσδοκήτου
573 2309 690 2392 χαρᾶς,
714 2300 758 2381 ῦς
770 2327 869 2390 φησιν
882 2303 1041 2390 Ἰοῦσηπος,
1064 2305 1096 2370 εἰ
1107 2329 1154 2388 μη
1169 2300 1187 2367 ri
1205 2302 1332 2376 'Im-20

196 2403 264 2494 op'p
288 2402 385 2472 αῦτὸν
404 2403 665 2495 ἀνεζωπύρησεν·
707 2407 738 2472 εἰ
757 2403 819 2490 μάρ
835 2406 891 2471 κατ’
905 2403 1000 2484 odric
1014 2401 1071 2492 ἀφ’
1091 2403 1206 2490 ἡδονῆς
1224 2401 1280 2489 ἢν·

196 2691 292 2728 novam
309 2675 518 2747 appellationem
537 2673 690 2742 Pharaone,
710 2691 764 2748 qua
778 2677 1036 2762 Psomtophaniclms
1053 2675 1182 2748 deinceps
1196 2691 1279 2729 voca-

197 2755 289 2812 retur,
304 2763 374 2818 quae
390 2765 442 2800 vox
459 2749 625 2800 occultorum
643 2757 807 2818 repertorem
824 2749 965 2817 significat.
981 2757 1118 2800 caeterum
1137 2747 1279 2800 cariutsm

196 2817 271 2870 illam
290 2835 413 2870 annonae
431 2819 577 2888 proiectam
603 2837 635 2870 ex
653 2835 685 2870 ea
702 2835 782 2870 musa
803 2819 964 2889 perhibent,
982 2819 1056 2889 quod
1076 2819 1111 2871 iis
1128 2819 1207 2870 annis
1228 2835 1279 2870 ue·

195 2904 250 2958 que
268 2889 345 2940 Nilus
362 2897 436 2942 extra
461 2907 522 2942 suas
539 2907 568 2941 ss
590 2891 658 2959 ripas
684 2889 810 2941 effuderit
825 2906 915 2960 neque
934 2907 977 2942 ros
992 2907 1027 2942 ex
1047 2896 1109 2943 aits
1127 2889 1211 2940 fuerit
1227 2887 1280 2940 de-

196 2959 296 3028 lapsus.
314 2960 382 3012 duos
400 2969 489 3010 autem
507 2960 637 3029 Iosephus
656 2959 727 3011 lilios
748 2962 854 3027 genuit,
875 2961 1023 3012 lllnnassem
1043 2968 1071 3013 ct
1089 2959 1278 3029 Ephraemusn.

195 3031 328 3082 lllauassis
347 3030 495 3100 appellatio
513 3031 646 3100 significat
668 3031 786 3098 priorum
804 3031 938 3084 oblitum:
956 3041 1131 3100 posteaquam
1150 3031 1223 3081 enim
1241 3029 1279 3082 sd

195 3117 253 3150 eam
274 3101 431 3152 felicitatem
448 3102 622 3170 pervenisset,
642 3101 824 3153 calamitatum
840 3103 1011 3170 pristinarum
1029 3101 1193 3153 oblivionem
1210 3117 1278 3152 con-

195 3179 303 3222 secutus
321 3179 385 3224 erat
428 3169 591 3242 Ephraesnus
614 3171 775 3224 tantundem
798 3181 878 3223 sonat
893 3189 924 3223 ac
944 3175 966 3224 si
985 3173 1073 3236 dicas,
1091 3173 1139 3240 qui
1157 3171 1280 3224 restituit

135 3261 148 3280 .
195 3258 270 3292 eum:
294 3259 356 3294 nom
389 3241 544 3294 libertatem
569 3241 716 3295 maioribus
740 3243 867 3296 restituit.
896 3254 925 3297 et
942 3244 1010 3296 haec
1029 3241 1140 3314 quidem
1158 3242 1188 3294 in
1202 3240 1279 3294 laune

195 3311 304 3365 mediam
322 3329 444 3365 evenere.

264 3383 354 3435 lacobi
375 3390 465 3436 erstem
484 3382 534 3434 lilii
551 3399 610 3435 cum
624 3385 792 3455 accepissent
805 3382 872 3454 quid
889 3381 1027 3434 Sichcmus
1044 3382 1146 3435 Emoris
1165 3383 1195 3434 F.
1213 3400 1277 3438 cum

195 3469 287 3504 sorore
308 3472 356 3506 sun
374 3455 444 3506 Diua
477 3461 670 3524 perpetrasset,
692 3455 786 3524 puncti
810 3463 891 3518 saint,
917 3452 968 3504 boe
987 3462 1028 3506 est
1048 3453 1143 3506 dolore
1160 3453 1277 3518 adlecti,

196 3531 226 3574 ut
243 3525 290 3592 qul
319 3523 421 3576 facinus
439 3523 501 3591 ΙΙιοε
529 3525 710 3596 turpissimum
739 3524 876 3576 ducerent.
905 3523 999 3592 itaque
1013 3534 1125 3576 cunctos
1141 3523 1194 3574 loci
1216 3526 1278 3578 ciras

195 3595 296 3644 incolas
321 3596 391 3647 ferro
424 3595 602 3648 trucidarunt.
624 3595 800 3666 quamobrem
826 3596 959 3646 concessit
976 3595 1043 3646 deus
1060 3603 1092 3648 ut
1109 3595 1173 3647 satis
1193 3595 1277 3662 longo

196 3671 315 3732 tempore
342 3667 370 3718 in
388 3665 508 3736 Aegypto
538 3665 746 3718 adflictarentur.
765 3681 828 3716 nam
846 3663 915 3716 haec
931 3681 1010 3716 causa
1028 3664 1080 3719 luit
1099 3664 1277 3734 quamobrem

195 3731 347 3786 diuturnam
376 3745 403 3788 et
422 3735 533 3806 priinam
561 3738 636 3788 illam
659 3737 842 3806 captivitatem
867 3737 1061 3805 experirentur.
1079 3745 1214 3788 caeterum
1231 3739 1276 3789 Ia-

193 3803 293 3866 cobus,
321 3805 464 3859 adrentum
493 3808 577 3878 ipsius
603 3807 739 3874 flagitante
761 3805 891 3875 losepho,
907 3821 962 3875 quo
982 3812 1104 3876 ternpore
1123 3809 1220 3861 fratres
1238 3811 1275 3862 ad

193 3875 280 3942 ipsum
298 3884 409 3943 urgente
429 3894 552 3931 annonae
571 3879 684 3930 caritate
696 3893 725 3927 se
743 3878 923 3938 contulerant,
943 3877 973 3928 in
990 3876 1140 3946 Aegyptum
1160 3881 1194 3948 ηδ
1211 3897 1275 3932 cum

193 3943 326 4014 capitibus
345 3953 387 3997 est
404 3949 548 4014 proiectus.
577 3955 659 4017 atque
678 3947 751 3999 laune
768 3963 907 3998 numerum
927 3963 1037 4018 quoque
1055 3949 1163 4000 litterae
1181 3965 1275 4003 sacme

192 4015 300 4086 penitus
330 4015 497 4083 exprimunt,
520 4027 551 4070 ut
573 4027 675 4088 quanta
701 4017 838 4070 hominum
855 4017 1002 4069 multitudo
1020 4028 1159 4087 procreata
1176 4021 1212 4072 ds
1232 4029 1277 4074 tot

193 4084 326 4154 capitibus
339 4085 422 4136 suerit
436 4087 571 4140 sciremus.
592 4089 706 4141 lacobus
725 4090 792 4160 ipsc,
810 4088 1034 4159 quemadmodum
1048 4089 1077 4140 iu
1094 4089 1208 4143 historin
1226 4109 1274 4144 sus

192 4155 323 4228 Iosephus
340 4155 479 4220 meminit,
502 4172 565 4228 prae
583 4160 747 4230 necopinato
764 4159 863 4228 gaudio
881 4175 975 4232 parum
992 4158 1082 4213 abluit
1097 4163 1165 4232 quin
1183 4166 1276 4234 exspi-
