2742 4617
173 232 231 338 46
504 248 724 318 πισολειιε
753 248 919 317 euscio

256 409 327 473 Καί
345 408 462 489 κυρίως
482 397 622 483 ἔκλειψις
639 402 687 465 ἐπ’
713 401 809 487 σάτὴς
827 396 869 466 άν
886 402 1004 484 λέγοιτο
1025 402 1082 485 τῆς
1101 399 1252 487 σελὴνης·

176 500 223 573 δἐι
241 504 302 589 γάρ
320 508 390 590 φάς
410 498 542 584 ἡλιακὸν
565 502 794 587 ἀμφιέννυται,
821 503 914 564 τοῦτο
933 497 1029 564 πάλιν
1048 503 1091 563 δι’
1112 500 1152 583 ἡν
1173 502 1256 565 αἰτι-

175 630 214 671 αυ
235 603 380 685 εἴπομεν,
403 597 602 671 α’πεκδίεται.
624 600 679 666 ἐπί
697 601 734 665 δὲ
755 602 813 665 τοῦ
832 600 924 685 ἡλίου
945 599 1004 663 osis
1023 596 1165 682 ἔκλειψιν
1186 601 1256 664 αλλ’

174 702 381 769 ίπισκότωσιν
399 702 499 783 λέγειν
519 698 693 781 ἐμάθομεν.
736 697 810 763 οὐδὲ
827 696 889 784 γάρ
908 694 943 765 τά
966 696 1097 783 ἡλιακὸν
1118 698 1258 779 ἐκλείψει

173 805 248 867 ποτὲ
269 804 358 888 φάς·
402 800 472 864 ἀλλ’
489 798 713 882 ὑποτρέχοντος
731 801 765 863 ἐν
784 801 829 886 τῷ
849 801 904 882 τῆς
922 798 1058 864 συνόδου
1079 801 1179 885 καιρῷ
1199 802 1258 861 τοῦ
1265 802 1285 867 5

173 899 318 983 σώματος
351 902 409 965 τοῦ
439 900 604 981 σεληναίου
636 891 689 963 οἷα
710 899 940 983 περιγειοιίρου
960 895 1184 982 τυγχάνοντος,
1204 898 1260 963 καί

175 997 256 1064 σάτα
276 1008 346 1075 ταῖς
366 998 507 1077 ἡλιακαῖς
533 991 655 1061 ἇκτῖσιν
672 998 953 1081 ἐπιπροσθοῦντος,
976 995 993 1061 ά
1016 996 1098 1080 ὑπὲρ
1118 999 1259 1081 κεφαλῆς

174 1095 265 1187 ἡμῶν
285 1098 347 1183 α’ἡρ
370 1097 456 1183 ζόφῳ
479 1100 647 1181 τηνικαῦτα
668 1094 960 1178 καθυποβάλλεται,
981 1091 1038 1160 άτε
1060 1096 1099 1179 δὴ
1121 1094 1165 1179 μὴ
1178 1099 1259 1178 βαλ-

148 1202 317 1278 Βλομέυιου
337 1198 443 1261 αὐτοῖν
457 1192 601 1259 κάτωθεν
621 1195 676 1261 καί
696 1196 902 1281 φωτιζουσοῖν
923 1193 961 1259 τά
983 1196 1150 1279 περίγειον.

97 1310 127 1364 V.
141 1324 171 1375 ¹9
260 1298 302 1361 Εί
318 1297 353 1359 δὲ
377 1295 431 1359 καί
449 1296 543 1358 τοῦτο
566 1297 668 1379 ζητεῖς
685 1292 767 1376 μετά
786 1298 848 1361 τῶν
871 1286 976 1358 ἄλλων
996 1282 1128 1375 μαθεῖν,
1148 1292 1217 1366 πῶς
1235 1288 1256 1375 ἡ
1271 1320 1310 1361 ιο

177 1390 292 1478 σιλὴνη
326 1392 408 1476 μάνη
432 1391 485 1457 καί
515 1394 576 1457 τίνι
595 1390 699 1482 τρόπῳ
718 1391 763 1476 μὴ
784 1396 908 1475 σχοῦσα
928 1395 996 1478 φάς
1017 1394 1157 1477 α’ρχὴθεν
1176 1387 1260 1453 ἴδιον

177 1497 211 1573 ἔξ
249 1489 339 1575 ἡλίου
357 1496 448 1558 τοῦτο
469 1492 663 1575 δανείζεται,
690 1494 809 1558 εἰδέναι
826 1491 967 1578 ὄφειλεις
988 1491 1031 1567 ὥς
1054 1494 1111 1555 οιίκ
1131 1490 1260 1574 ἀπορῶν

176 1588 287 1678 ἑτέρου
323 1589 430 1678 φωτὸς
459 1590 476 1655 δ
512 1590 702 1678 δημιουργὰς
729 1594 785 1657 καί
802 1595 927 1676 κτίστης
956 1590 1080 1656 πάντων
1105 1587 1181 1667 θεάς
1200 1588 1258 1671 τὴν

177 1693 382 1772 καινοτομίαν
414 1686 531 1774 ταύτην
565 1690 759 1774 είσὴνεχκεν,
794 1693 863 1757 αλλ’
883 1692 935 1755 ἵνα
958 1688 1081 1776 ῥυθμὸς
1099 1688 1154 1752 καί
1171 1687 1259 1765 τάξις

178 1792 293 1877 ἐκτεθῇ
314 1792 354 1877 τῇ
377 1791 486 1871 κτίσει,
506 1790 584 1854 κατά
604 1813 641 1872 γε
662 1791 717 1856 τὸν
735 1790 947 1874 Δαμασκηνὸν
958 1788 1119 1872 Ἰωάννην,
1140 1780 1256 1872 ὄρχον·
1271 1791 1312 1855 15

177 1912 229 1965 τος
248 1887 303 1953 καί
316 1888 511 1974 ἀρχομένου,
531 1890 586 1953 καί
606 1888 659 1955 ἵνα
671 1892 895 1971 παιδευθιῖμεν
914 1892 950 1955 ἐκ
967 1887 1079 1953 τούτου
1097 1890 1153 1951 καί
1169 1884 1260 1971 ἡμεῖς

178 1994 335 2051 κοινωνεῖν
355 1985 502 2071 α’λλὴλοις
519 1990 575 2053 καί
594 1984 801 2069 μεταδιδόναι
808 2039 819 2072 ,
840 1988 1018 2072 ἀνακρίνειν
1038 1988 1154 2052 τετῶν
1174 2006 1261 2069 γινο-

177 2086 281 2169 uivus
302 2087 415 2171 μηδέν,
436 2086 507 2151 ἄλλ’
526 2091 579 2153 ἐπί
598 2092 677 2153 πᾶσι
698 2092 800 2164 καλῶς
819 2086 1064 2153 ὑποτάσσεσθαι.

151 2207 172 2261 c
261 2183 356 2269 Πρός
374 2182 498 2262 τούτοις
517 2188 553 2251 δὲ
573 2186 629 2251 καί
654 2186 757 2270 ἓτερον
776 2186 853 2268 ἡμῖν
869 2185 1062 2271 άπεμφαίνει
1082 2180 1261 2270 παράδοξον

179 2280 333 2368 ἡσελὴνη
367 2285 575 2365 ἐκλείπουσα,
605 2284 650 2361 αῖς
678 2283 695 2350 ci
722 2282 884 2361 θειότατός
912 2309 1010 2371 φησιν
1030 2279 1312 2359 Ἀναστάσιος·αο

178 2380 324 2513 κρθάπερ
346 2380 406 2469 γάρ
428 2377 508 2467 uim
530 2379 615 2473 ζόφιρ
635 2384 867 2449 sedunensium
878 2381 1184 2482 μεσολαβοάσηςτὴς
1201 2384 1261 2467 χὴς

251 2652 286 2705 Et
311 2653 419 2722 proprie
447 2654 512 2705 luno
536 2652 652 2707 deiicere
681 2655 796 2708 dicitur:
822 2672 876 2726 que
896 2656 968 2707 enim
984 2653 1045 2708 loce
1064 2653 1144 2706 solari
1161 2650 1258 2703 vestita

183 2732 242 2787 eet,
261 2738 292 2773 ea
310 2722 344 2773 de
363 2740 441 2775 causo
460 2735 661 2779 commemorato
677 2745 766 2779 mrsus
785 2728 893 2779 exuitur
910 2737 990 2797 cique
1008 2728 1146 2795 spoliatur.
1167 2725 1196 2775 iu
1213 2739 1260 2773 eo-

182 2793 210 2845 le
236 2809 291 2845 noo
309 2792 457 2859 defectum,
483 2795 532 2846 sed
559 2797 773 2849 obscurationem
791 2798 928 2867 appellare
949 2798 1097 2849 didicimus.
1117 2811 1166 2846 nec
1186 2793 1260 2845 enim
1364 2807 1365 2820 ¹

182 2862 231 2915 lux
252 2864 345 2915 solaris
375 2882 491 2935 unquam
523 2865 626 2919 deficit:
645 2868 693 2919 sed
717 2869 781 2937 quia
797 2870 883 2920 coitus
900 2867 993 2919 horum
1006 2867 1122 2919 siderum
1139 2876 1260 2934 tempore

183 2933 277 2985 lunare
296 2952 341 2985 cor
360 2950 408 2999 us,
427 2935 499 3006 quod
520 2944 606 2987 terrae
626 2939 739 3002 vicinius
765 2949 819 3003 cst,
838 2937 928 2989 medio
947 2954 976 2988 se
995 2938 1123 2989 interiicit
1138 2937 1199 2987 loco
1216 2951 1261 2985 ra-

185 3004 291 3075 diisque
308 2952 440 3058 coituribus
458 3006 560 3071 officit,
579 3013 625 3061 εῖτ
641 3009 690 3064 ilie
707 3026 787 3077 supra
807 3026 857 3063 nos
876 3008 993 3075 caligine
1011 3008 1126 3078 quodam
1144 3006 1261 3059 involvi·
1364 3043 1365 3046 ,

183 3082 242 3137 tur,
266 3092 322 3127 non
350 3075 470 3129 demissis
494 3076 529 3129 ed
545 3094 594 3130 nos
612 3078 674 3131 ullis
692 3079 792 3144 radiis,
821 3080 868 3149 qui
886 3087 973 3131 terroe
995 3080 1116 3148 proxima
1131 3078 1192 3129 luce
1212 3092 1261 3129 sua

183 3146 377 3200 conuenirent,
688 3144 691 3150 ’

253 3216 357 3287 Quodsi
380 3218 459 3270 eiiam
486 3234 645 3285 cognoscere
672 3220 747 3289 cupis
764 3221 836 3273 inter
850 3219 917 3284 aiio,
941 3220 989 3291 qui
1007 3220 1055 3273 fiat
1072 3228 1104 3271 ot
1120 3220 1184 3270 lune
1202 3216 1262 3270 sola

184 3286 269 3357 primo
288 3288 317 3339 in
347 3304 433 3339 rerum
459 3288 568 3339 exordio
587 3288 674 3341 iucem
692 3292 795 3343 nuliam
810 3292 944 3361 propriam
972 3300 1115 3343 consecuto
1142 3304 1262 3341 commo-

185 3356 250 3410 dato
280 3376 339 3411 eom
361 3359 451 3410 ssoie
469 3360 573 3429 cupiet,
595 3361 663 3412 scire
681 3361 765 3414 debes
791 3378 847 3413 non
867 3361 919 3413 hoc
936 3370 1079 3433 propterea
1093 3376 1162 3426 nouo
1183 3358 1261 3429 qussi

185 3427 302 3498 quodum
319 3446 392 3481 more
414 3430 513 3481 facium
532 3429 678 3495 divinitus,
704 3432 779 3503 quod
807 3432 901 3501 opifex
921 3442 950 3487 et
967 3441 1072 3487 creator
1091 3432 1140 3481 iiie
1154 3430 1262 3479 univer-

184 3500 273 3551 sitatis
291 3498 369 3552 huius
383 3499 463 3553 uliam
480 3501 567 3565 lucem
585 3492 686 3554 nulium
704 3502 830 3567 haberet,
848 3503 897 3553 sed
914 3509 971 3555 tun
988 3504 1029 3554 uti
1048 3502 1215 3554 concinnitas
1232 3508 1263 3551 et

186 3568 252 3619 ordo
267 3570 375 3639 quidam
405 3572 499 3623 creatis
527 3572 681 3637 inderetur,
707 3572 929 3643 quemadmodum
945 3574 1124 3625 Damascenus
1150 3571 1199 3621 ille
1215 3570 1263 3620 Io-

186 3638 289 3690 hannes
303 3642 357 3705 aii,
374 3644 422 3713 qui
437 3642 503 3694 ordo
521 3644 592 3695 inter
606 3645 772 3713 superiorem
796 3653 826 3695 et
843 3644 996 3696 inferiorem
1012 3643 1185 3703 consisteret,
1202 3647 1262 3691 tucn

187 3708 227 3760 uti
245 3726 294 3760 nos
321 3714 402 3765 eiiam
421 3712 587 3765 erudiremur
613 3714 712 3783 debere
728 3730 778 3767 noe
796 3714 912 3765 invicem
929 3714 996 3767 elios
1015 3729 1075 3765 cum
1093 3711 1154 3762 odiis
1171 3718 1264 3762 nostra

187 3782 394 3847 communicare,
412 3784 623 3854 necquicquam
641 3802 732 3837 eorum
745 3800 814 3853 quoe
832 3786 902 3839 flunt
922 3784 1076 3856 scrupulose
1093 3782 1261 3853 perquirere,

187 3848 236 3903 sed
254 3851 422 3909 inomnibus
440 3856 576 3925 praeclare
593 3864 698 3909 nosmet
716 3857 888 3908 summittere.

258 3920 396 3973 Praetereo
413 3924 541 3993 quiddam
561 3926 636 3977 uliud
656 3942 764 4011 quoque
778 3942 878 3979 novum
894 3927 975 3980 nobis
992 3927 1056 3979 ione
1075 3924 1204 3976 deficiens
1220 3922 1265 3973 in·

188 3988 277 4055 dicut,
305 3992 527 4061 quemadmodum
555 3998 597 4049 vir
622 3996 730 4049 diurnos
746 3998 900 4050 haterius
923 3997 1013 4051 tradit
1037 3992 1264 4067 quemadmodum

189 4062 261 4113 enim
282 4062 425 4114 atcncbris
443 4064 491 4115 ills
509 4076 653 4136 occupatur
669 4067 705 4119 ob
722 4070 890 4121 interiectum
907 4076 1016 4134 terram,
1033 4085 1102 4138 quae
1118 4067 1153 4119 ab
1171 4080 1203 4115 ea
1222 4080 1266 4114 rs-

190 4130 249 4186 dios
268 4134 367 4185 solares
384 4134 494 4198 avertit,
513 4136 550 4187 sic
571 4138 651 4189 eiiam
669 4139 785 4192 ecclesia
800 4140 914 4211 pecceio
930 4140 1128 4196 interveniente
1144 4135 1265 4191 tenebris
