2742 4617
431 280 645 345 runurou
674 283 777 346 rsus
808 288 832 346 r.
1128 263 1178 346 81

181 430 225 493 Τό
248 431 286 494 δί
304 453 340 511 γε
371 431 465 495 πλέον
486 429 550 495 τάν
571 422 674 497 ἄλλων
697 431 968 517 παραδοξότερον,
984 433 1060 510 τοῦς
1081 436 1185 518 γῦπάς

96 552 195 615 φασιν
224 528 451 603 α’συνδυάατως
478 534 608 611 τίκτειν,
642 533 699 594 καί
711 535 811 596 ταῦτα
833 531 1109 614 μακροβιωτάτους
1132 528 1183 600 όν-

95 652 172 708 τας,
203 630 259 690 καί
288 629 404 708 μέχρις
429 623 540 692 ἑκατόν
567 630 648 694 ε’τιῦν
669 628 727 714 τήν
756 628 841 713 ζωόν
858 623 965 694 αάτιῦν
984 639 1181 715 παρεκτεινο-

93 734 185 792 σθαι.
242 724 297 789 διά
319 725 406 789 τίδὲ
426 729 536 808 τοῦτο,
559 731 615 792 καί
632 731 718 802 τίνος
736 733 859 808 ἕνεκενς
880 729 931 794 ἵνα
952 727 1011 814 γάρ
1036 730 1081 817 μή
1100 757 1179 810 τινες
1187 755 1263 810 v‚33

66 829 260 910 5ἑπιγελιῦσι
279 826 324 911 τῷ
343 825 507 912 μυστηρίῳ
528 823 641 907 ἡμῶν,
662 824 708 900 οἷς
732 821 886 891 ἇδόνατον
906 833 1062 912 παρθένον
1080 843 1208 905 τεκεῖνο

91 923 148 998 κατ’
166 916 267 998 αάδις
285 931 392 1005 μεῖναι
411 925 595 1005 nautum·
613 927 733 1009 μυριάς
756 926 791 989 ἐκ
811 927 865 1007 τῆς
886 925 1011 1012 φάσεως
1032 929 1181 1014 α’φορμός

89 1021 171 1105 πρός
195 1021 255 1105 τὴν
274 1023 378 1086 πίστιν
397 1025 459 1087 ταῖν
488 1022 675 1106 παραδόξων
693 1022 863 1106 προλαβών
883 1023 1084 1108 κατεβάλετο.
1127 1035 1184 1094 καί

90 1118 175 1186 οότω
210 1124 272 1203 μὲν
299 1124 375 1203 περί
405 1121 526 1184 τοῦτον
563 1121 702 1205 όμέμας
722 1121 906 1198 Βασίλειος·
961 1125 991 1190 οἱ
1012 1129 1048 1190 δέ
1067 1151 1102 1210 με
1123 1128 1182 1204 τάς

91 1223 208 1306 φάσεις
224 1221 289 1284 τοῦν
320 1219 410 1297 ζάων
441 1221 690 1302 διασκεψάμενοι
712 1225 820 1306 τριετῆ
848 1222 966 1308 χρόνον
985 1223 1060 1302 τοάς
1078 1231 1181 1308 γῦπας
1219 1279 1221 1287 ,

47 1324 275 1408 ιοὲντυμονεῖν
293 1315 522 1400 τερατεάονται.
562 1320 619 1382 καί
634 1320 701 1396 ποῦς
726 1311 833 1391 derue.
875 1323 933 1384 ουίι
955 1318 1039 1388 ἔστιν
1061 1316 1180 1408 άρρενα

87 1420 186 1500 γῦπαι
203 1417 410 1480 θεάσασθαι·
459 1416 687 1502 α’συνδυάστως
719 1415 782 1500 γάρ
812 1417 930 1494 αῦτοός
951 1422 1066 1486 τάττειν
1087 1422 1180 1504 νόριον

87 1515 218 1602 φάσεως
231 1511 515 1598 παρακελεύονται,
537 1509 613 1580 ὅθεν
632 1519 688 1580 καί
706 1519 772 1580 πάν
792 1516 828 1580 τό
850 1521 938 1600 γένος
959 1519 1065 1584 αάταῖν
1084 1521 1104 1603 ἧ
1124 1525 1181 1586 τοῦ

85 1613 206 1697 θήλεος
235 1610 336 1699 φάσις
365 1615 525 1697 η’νέηίατο.
580 1595 671 1698 άπερ
687 1613 889 1696 ἐπιστάμενοι
918 1619 1016 1697 γῦπες
1048 1617 1180 1702 κοίτην

85 1716 225 1798 ἐρημίαν
251 1710 389 1786 δεδιότες
415 1716 479 1777 τῶν
504 1715 638 1793 τέκνοιν,
672 1715 718 1788 εἰς
739 1712 885 1797 ε’πιγονην
918 1710 1004 1779 άπαν
1037 1715 1179 1798 τὸγένος

43 1813 315 1896 τᾶστρατεάεται,
345 1809 402 1875 καί
430 1813 534 1893 δροῖσί
550 1837 582 1875 τι
614 1811 760 1896 σόφισμα
782 1805 922 1896 ῦριστσν.
961 1816 1006 1902 τῷ
1024 1811 1104 1902 νότῳ
1125 1817 1209 1881 καιἸ)

84 1912 149 1995 γάρ
187 1910 379 1994 ἀντίπρωροι
407 1911 564 1978 πέτονται.
606 1911 687 1973 εἰδὲ
705 1907 751 1992 μη
776 1915 863 1986 νότος
884 1909 932 1994 εἴη
944 1961 954 1993 ,
974 1916 1018 1999 τῷ
1037 1925 1183 1996 συγγενεῖ

85 2003 172 2098 εῦριρ
193 2009 332 2073 άπλοῦσι
352 2007 410 2083 τάς
431 2011 605 2090 πτέρυγας,
624 2001 691 2072 εἶτα
718 2004 871 2091 κεχήνασι
890 2013 945 2074 καί
961 2013 1017 2076 τοῦ
1037 2008 1179 2092 πνεῦμα-

84 2129 140 2182 τος
161 2109 380 2193 ἐμφοροῦνται
400 2109 589 2190 είσρέοντος,
617 2105 675 2170 καί
692 2110 831 2170 τίιιτουσι
852 2109 936 2189 Cdo,
957 2107 1002 2192 μή
1020 2111 1125 2190 μέντοι
1144 2134 1180 2192 ys

86 2205 136 2294 ρῖά
170 2206 339 2289 όπηνέμια.
392 2207 440 2269 διό
472 2208 620 2269 πλείστου
646 2200 764 2288 χρόνου
798 2206 903 2269 δεῖται
931 2205 950 2290 ἦ
980 2207 1078 2291 φάσις
1098 2210 1179 2292 πρὸς

37 2303 175 2383 ποζοόοο
197 2302 452 2388 τελεσιουργίαν·
492 2300 633 2387 χαλεπόν
652 2303 713 2388 γάρ
737 2303 792 2368 ιιοί
810 2305 882 2368 λίαν
901 2305 1036 2389 ἐργῶδες
1055 2309 1094 2393 τῇ
1116 2309 1178 2392 φῦ-

84 2427 135 2468 οει
160 2404 316 2470 οάοιοῦσαι
337 2402 372 2468 τό
393 2405 518 2484 πνεῦμα
538 2406 594 2468 καί
623 2403 703 2486 πρός
725 2404 1048 2487 ζῦουπλαοτουργεῑν
1069 2404 1111 2468 τό,
1124 2413 1176 2470 λε-

84 2503 249 2568 πτότατον.
299 2499 429 2566 ἐπειδάν
459 2503 563 2567 τοίνυν
597 2501 724 2578 άκοόεις
751 2504 806 2566 καί
832 2500 873 2567 od
903 2505 1076 2590 συναφείας
1099 2496 1173 2570 άνευ

161 2759 220 2809 iam
239 2755 314 2825 qood
333 2756 414 2808 rebus
431 2759 544 2809 caeteris
561 2757 643 2824 inagis
666 2757 749 2809 etiam
768 2755 802 2807 ab
820 2755 948 2825 opinione
966 2755 1104 2810 hominum
1123 2759 1174 2812 ab·

82 2828 196 2892 horret,
212 2827 334 2880 vultures
354 2829 431 2878 aiunt
447 2827 548 2898 ubsque
562 2829 640 2878 muris
659 2836 687 2879 et
713 2827 828 2878 feminae
845 2828 1035 2878 coniunctione
1053 2828 1171 2894 gignere,

79 2908 196 2950 senecta
213 2899 295 2951 etism
314 2900 344 2950 in
362 2905 498 2950 extremar
516 2915 578 2948 nam
605 2896 640 2947 nd
658 2899 833 2950 centesimum
854 2913 955 2948 annum
974 2896 1089 2948 virendo
1110 2915 1171 2964 per-

77 2971 205 3022 veniunt
226 2969 402 3039 quamobrem
423 2969 511 3020 istuc?
528 2969 654 3020 nimirum
676 2969 777 3037 nequi
796 2967 951 3034 mysterium
971 2975 1091 3018 nostruin
1110 2969 1171 3018 irri-

80 3040 202 3102 derent,
221 3043 300 3109 quasi
318 3040 377 3090 fieri
394 3048 514 3110 nequent
531 3047 561 3089 ut
579 3039 667 3106 pariat
684 3039 756 3106 virgo
778 3045 806 3088 et
824 3037 1002 3088 nihilominus
1021 3038 1095 3104 virgo
1113 3055 1170 3088 rua-

75 3119 169 3172 lem,
198 3126 234 3160 ex
261 3111 319 3160 isa
343 3118 440 3162 natura
459 3110 526 3161 deus
544 3109 622 3159 nobis
650 3116 755 3159 tantum
774 3124 828 3158 non
846 3107 966 3160 infinitas
986 3107 1171 3176 suppeditavit

76 3182 240 3234 occasiones
268 3127 388 3232 ddciundi
407 3180 488 3232 fidem
505 3179 585 3231 rebus
603 3180 777 3247 caeteroquin
794 3177 919 3230 absurdis
939 3187 966 3230 et
983 3187 1091 3230 nostrae
1109 3180 1170 3246 opi-

74 3253 159 3304 nioni
177 3269 234 3302 non
264 3251 501 3320 respondentibus.
523 3249 575 3299 hoo
592 3248 672 3300 modo
692 3249 725 3300 de
741 3247 785 3303 his
801 3249 915 3299 Basilius
934 3248 1051 3302 disserit.
1069 3249 1169 3301 caeteri

74 3340 161 3386 sero,
181 3323 230 3390 qui
248 3331 359 3373 naturas
378 3322 535 3373 animalium
555 3327 710 3389 perspectas
730 3317 848 3388 hulieni,
866 3321 988 3371 vultures
1005 3327 1065 3371 toto
1085 3319 1169 3372 trien-

74 3396 124 3444 nio
153 3402 260 3460 gessere
286 3400 393 3444 uterum
419 3391 573 3462 prodigiose
596 3390 715 3441 trudunt.
740 3391 848 3460 quinam
867 3390 954 3441 istuc?
980 3389 1052 3442 audi.
1077 3389 1169 3442 vultur

73 3481 133 3515 snae
163 3462 258 3514 nullos
283 3463 453 3532 conspicitur.
472 3479 535 3513 nem
563 3453 665 3529 sbsdue
686 3459 769 3511 duum
791 3461 980 3512 coniunctione
1008 3461 1115 3528 gignere
1134 3459 1167 3512 de

73 3533 251 3602 praescripto
270 3541 384 3584 naturae
404 3534 500 3584 solent.
521 3549 575 3602 quo
594 3532 626 3582 fir
645 3539 783 3582 uteorum
802 3532 927 3582 universa
945 3531 1020 3582 natio
1038 3531 1168 3582 consistat

72 3606 105 3656 in
122 3605 247 3657 seminis.
263 3603 386 3655 boccum
403 3621 458 3655 non
476 3605 600 3672 ignorent
616 3601 754 3664 vultures,
772 3600 896 3654 orbitatis
914 3609 987 3652 metu
1005 3599 1085 3651 simul
1103 3603 1165 3652 uni-

71 3676 149 3726 versi
170 3673 208 3725 ad
234 3674 420 3726 ietiflcnndum
448 3673 584 3743 quandam
610 3672 689 3724 velut
714 3672 911 3740 expeditionem
929 3670 1088 3738 suscipiunt.
1105 3670 1165 3726 heio

71 3747 97 3796 si
117 3746 217 3797 nuilus
246 3746 286 3797 eis
303 3762 362 3796 sese
379 3746 477 3796 Auster
497 3749 612 3807 offerat,
642 3741 677 3794 ad
702 3751 843 3810 cognatum
864 3743 962 3792 Eurum
988 3741 1043 3792 sins
1063 3759 1164 3812 expau-

70 3815 157 3867 dnnt.
186 3813 253 3866 inde
270 3832 320 3884 per
346 3817 398 3868 oris
421 3816 525 3866 histum
542 3822 622 3866 vento
647 3811 779 3864 influente
803 3812 957 3881 replentur,
975 3819 1003 3864 et
1019 3813 1162 3877 animalia,

68 3904 130 3938 non
153 3903 207 3936 ora
232 3888 417 3938 subventsnen
445 3888 564 3954 gignunt.
593 3900 664 3953 quse
683 3899 764 3933 causa
787 3889 829 3934 est
855 3881 1026 3949 quomobrem
1045 3885 1161 3936 marimo

67 3956 211 4026 temporis
227 3959 314 4025 spatio
332 3965 425 4008 natura
444 3957 523 4008 hrrios
542 3955 576 4006 ad
596 3953 720 4006 animalis
738 3953 936 4004 absolutionem
956 3953 1083 4022 indigeat.
1100 3972 1160 4004 nuru

67 4027 193 4079 difficile
216 4035 245 4078 et
263 4045 404 4097 operosum
422 4035 463 4078 est
480 4035 592 4078 naturae
610 4025 744 4076 desento
762 4022 896 4093 quandam
907 4026 1048 4076 essentiam
1070 4023 1161 4074 effice-

68 4116 99 4148 τε
122 4099 222 4167 deque
241 4113 269 4147 re
294 4099 374 4166 longe
403 4098 576 4150 subtilissima
601 4105 629 4148 et
648 4095 713 4146 exili
732 4110 839 4164 prorsus
858 4095 955 4146 animai
973 4097 1082 4162 fingere.
1100 4111 1159 4143 cnm

68 4170 162 4237 igitur
178 4165 276 4220 audies
300 4169 428 4238 virginem
456 4169 531 4221 illam
547 4166 717 4238 purissimam
737 4163 839 4236 ubsque
856 4165 913 4218 ullo
934 4165 982 4218 siri
1001 4163 1159 4216 commercio

150 4273 267 4342 Glycns.
965 4267 984 4314 6
